2668 4784
493 344 652 404 -51..

89 531 237 612 flagrans,
248 538 482 612 praetereavero
497 545 600 590 rernm
617 531 811 614 politicarum
830 533 1002 612 cognitione
1010 543 1044 592 et

87 651 264 731 eloquentia
289 651 484 732 conspicuus,
517 649 555 710 ad
582 669 692 710 munus
719 648 902 722 vocabatur,
926 667 987 728 qno
1009 649 1042 708 iu

87 768 168 845 repis
190 767 263 829 aula
285 768 381 847 iuqua
406 765 536 826 comitiis
575 785 676 827 eoram
702 765 904 828 nobilioribus
933 765 1040 828 lteior-

86 886 247 946 mationem
264 883 474 966 propugnandi
491 885 749 965 opportunitatem
771 895 878 946 nactus
895 893 958 959 est,
982 903 1044 965 qua

85 1023 175 1084 qnam
193 1004 317 1083 egregie
342 1023 411 1063 usus
429 1004 485 1076 sit,
509 1001 598 1064 docet
615 1005 700 1065 illius
728 1007 761 1066 iu
786 1008 916 1067 comitiis
934 1006 1040 1068 Arosi-

81 1119 206 1180 ensibus
241 1139 336 1181 sermo
365 1118 424 1203 (1).
466 1119 647 1182 Laurentius
675 1123 774 1196 Petri,
807 1125 891 1182 mitis
918 1123 975 1182 ille
1009 1131 1042 1183 et

81 1237 201 1312 doetus,
226 1241 345 1318 eregis
369 1239 529 1300 voluntate
545 1241 695 1318 juvenum
711 1239 966 1300 instituendorum
982 1261 1041 1302 eu·

81 1375 144 1416 ram
161 1359 312 1437 suscepit,
338 1375 430 1436 quam
446 1355 486 1414 ad
504 1375 570 1414 rem
585 1375 677 1434 qnam
691 1365 777 1436 aptus
792 1367 884 1429 esset,
898 1360 969 1420 satis
985 1379 1037 1419 su-

80 1493 199 1554 perque
216 1475 349 1553 probant
366 1473 432 1550 ejus
449 1473 561 1551 scripta
579 1471 644 1552 (2),
668 1493 798 1552 quorum
825 1485 929 1536 utrum
955 1497 1038 1540 sum·

79 1611 177 1663 mam,
203 1609 296 1670 quam
313 1591 466 1663 referunt,
490 1591 674 1664 doctrinam,
697 1611 735 1652 au
754 1611 826 1653 vero
853 1595 936 1674 pios,
960 1615 1038 1675 quos

79 1709 213 1787 spirant,
238 1727 341 1768 sensus
359 1717 391 1768 et
407 1707 568 1768 verborum
587 1709 734 1770 dilectum
750 1712 846 1790 magis
863 1711 1035 1787 admireris,

79 1823 169 1886 facile
177 1825 288 1886 dubius
298 1826 432 1887 haereas.
474 1827 580 1900 olaus,
604 1827 730 1888 Lutheri
748 1828 787 1888 ad
805 1829 919 1901 instar,
942 1829 1039 1889 vehe-

77 1963 178 2018 mens,
202 1945 376 2025 eloquentia
401 1965 475 2025 prae
497 1945 594 2005 fratre
619 1945 789 2018 excellens,
807 1964 865 2004 nee
882 1943 1039 2005 doetrinae

78 2063 165 2140 copia
181 2061 359 2136 destitutus,
381 2063 483 2124 loeum
500 2062 650 2132 obtinuit,
674 2081 735 2140 quo
750 2081 851 2120 coram
866 2061 1037 2124 tumultuo-

77 2200 107 2240 sa
125 2179 218 2260 plebe
232 2181 443 2261 superstitioni
459 2180 600 2240 resistere
615 2187 647 2238 et
661 2179 915 2241 Reformationem
929 2181 1036 2242 deleu-

77 2295 149 2356 dere
166 2299 280 2377 potuit.
323 2297 373 2358 lie
394 2308 494 2358 tamen
522 2317 560 2356 ex
588 2296 652 2358 Oiai
679 2297 869 2360 vehementia
895 2299 1038 2360 danaum

77 2433 152 2494 opus
169 2425 342 2496 susceptum
360 2426 499 2497 caperet,
512 2416 661 2494 collegam
678 2416 736 2494 ipsi
745 2416 886 2493 adjunxit
895 2433 966 2485 rex,
980 2413 1037 2473 lli-

77 2532 214 2594 ehaelem
224 2533 421 2614 Langerben,
442 2534 498 2612 qui
511 2531 640 2590 lenitate
653 2549 707 2590 sna
720 2530 804 2590 illius
818 2528 1038 2592 vehementiam

79 2660 269 2732 temperaret
283 2647 343 2730 (3).

116 2769 165 2829 Ad
181 2766 286 2827 eadem
305 2765 429 2826 umeri
456 2765 611 2825 conamina
628 2767 822 2830 referendum
845 2779 907 2844 est,
931 2769 1032 2850 quod,

77 2886 183 2947 eodem
197 2885 257 2946 hoc
271 2894 423 2964 tempore,
441 2883 603 2945 llartiuum
620 2887 744 2966 Skytte,
768 2885 1035 2953 Dominioanorum

110 3109 149 3176 (ι)
171 3103 332 3167 Gaudes,
349 3104 368 3154 1.
384 3121 407 3156 c.
425 3121 453 3172 p.
471 3101 529 3171 5⁰⁷·

110 3199 150 3266 (a)
170 3193 309 3246 Laurentii
326 3192 421 3260 scripta
437 3201 605 3244 recensentur
622 3197 691 3262 apud
705 3197 751 3246 lia
762 3197 875 3248 timau
891 3201 910 3249 l.
920 3217 979 3264 ep.
989 3200 1032 3270 87.

78 3277 131 3352 Qui
158 3291 244 3336 antam
267 3283 330 3336 haec
356 3285 452 3352 scripta
478 3283 590 3334 adeundi
612 3283 806 3349 opportunitate
823 3283 960 3336 destitutus
981 3287 1033 3348 sit,

77 3374 126 3425 riri
147 3369 257 3425 illdatris
278 3381 305 3425 et
329 3373 474 3425 doctrinam
496 3381 523 3424 et
543 3373 667 3438 pietatem
692 3377 718 3421 et
735 3369 868 3421 scribendi
884 3375 1029 3436 rationem,

78 3461 269 3530 quodammodo
283 3463 392 3524 salum,
409 3477 561 3528 cognoscere
575 3461 670 3527 poterit
685 3478 716 3512 ex
731 3461 803 3526 ejus:
816 3459 1034 3512 Admonitinne

78 3551 114 3602 nd
125 3569 231 3622 precer
244 3548 428 3622 publicaret
438 3548 677 3619 poenitentiam,
689 3564 755 3616 quaa
770 3555 851 3600 uetat
862 3546 1031 3618 apudGer·

77 3641 214 3694 denium
231 3642 259 3692 in
277 3641 496 3703 Monumentia,
521 3639 594 3708 operi
620 3653 668 3688 suo
684 3636 830 3704 adjunctis,
850 3637 1028 3704 N.xxt11,

76 3747 121 3782 nee
145 3745 210 3782 veto
235 3731 319 3780 minus
335 3745 367 3778 et
399 3723 737 3797 commonefacls'om'bua
763 3723 910 3785 utilibus,
946 3723 1030 3780 Olera

77 3821 179 3874 niveo.
209 3819 279 3885 Ups.
305 3817 337 3870 io
366 3816 499 3884 Syuadn.
526 3818 579 3868 A0.
602 3813 668 3866 1566
691 3813 838 3884 Upaaliaa
854 3811 1027 3883 celebrata,

74 3905 269 3978 proposition
287 3905 422 3958 reverend.
438 3923 467 3972 p.
483 3921 519 3954 m.
537 3904 681 3956 Laurentio
700 3901 969 3974 Archi-Episcopo,
987 3925 1029 3976 ap.

76 3993 226 4046 hliinter
243 3993 356 4066 Magon.
372 3993 408 4046 Τ.
424 3991 474 4059 ll,
495 3991 527 4044 P.
544 3991 603 4058 lv,
620 4011 646 4061 p.
663 3989 706 4044 51.

109 4085 148 4156 (5)
167 4103 194 4143 γ.
214 4081 343 4151 Dalin,
359 4081 571 4155 l.c.c.2,§16.
590 4079 849 4151 Strinnholm,
867 4079 1029 4151 hophni.

890 4193 930 4248 l*
