2698 4792
507 371 668 432 ..se-

101 555 225 632 patriae
240 555 373 632 hostem,
394 559 549 640 rimvdque
559 556 702 636 jubmet,
727 567 763 618 nt
780 558 913 620 stekma
931 576 986 620 arx
1000 577 1059 638 epe

96 684 289 752 pugnaretur
302 685 335 736 et
351 675 569 739 devastaretur.
610 677 700 738 Brevi
718 677 813 756 igitur
830 685 899 756 post
917 673 1055 738 obaedie-

95 810 141 850 ue
152 811 206 852 arx
224 794 403 873 cingebatur
420 804 452 856 et
468 805 627 876 postquem
641 796 755 858 frustra
772 797 849 858 lieni
867 795 968 856 eonati
985 795 1053 854 tea·

95 917 166 968 rent
193 911 359 973 obsediene
375 911 462 974 illum
479 914 630 988 eximere,
653 914 819 993 cogebatur
838 911 1053 990 dreni-rpu-

93 1045 190 1105 eopus
222 1028 350 1090 Senatus
375 1029 499 1094 decreto
525 1031 666 1107 obedire,
690 1051 753 1112 qno
769 1032 943 1094 facinorum
959 1030 1057 1090 retio-

93 1133 149 1204 nes
168 1144 305 1208 Hoimiae
322 1147 360 1208 eh
376 1149 442 1228 ipso
469 1149 640 1212 reddendae
667 1159 764 1212 erant.
806 1150 917 1228 Itaque
942 1160 1058 1208 sultuna

91 1280 198 1324 eoram
228 1267 340 1328 Senatu
367 1289 400 1328 se
426 1271 508 1330 sistit
533 1269 742 1348 impudentia:
774 1265 911 1337 ‚Vosr’
933 1263 1054 1343 inquit,

92 1399 225 1442 smeem
241 1385 352 1463 agendi
377 1387 527 1448 rationem
549 1379 719 1463 'dijudicare
745 1383 826 1444 haud
853 1381 991 1462 potestis.
1028 1381 1056 1442 A

91 1498 188 1578 eulpa
207 1511 310 1562 autem
326 1521 376 1562 me
392 1521 523 1562 vaenum
541 1521 603 1564 esse
621 1520 721 1564 eoram
747 1502 835 1562 Pont.
864 1501 952 1562 Rom.
980 1515 1053 1580 pro-

91 1612 226 1676 baturus
244 1637 327 1691 sum,
351 1620 405 1698 qui
423 1621 569 1682 saeeuleri
587 1641 684 1702 aeque
701 1640 736 1682 re
753 1621 907 1700 spirituaii
932 1639 981 1680 me
998 1619 1054 1680 do·

91 1733 182 1794 nevit
208 1736 327 1813 gladio,
359 1737 470 1818 quibus
497 1740 602 1813 fidem,
634 1740 761 1818 regibus
783 1739 904 1800 Derieis
930 1738 1049 1809 deun,

91 1847 261 1914 defendere
279 1873 345 1914 sum
364 1865 500 1918 conatus.
541 1857 682 1918 Proditor
698 1859 754 1918 ilie
773 1856 937 1929 dicendus,
962 1855 1054 1934 qnia

90 1966 165 2030 data
183 1970 245 2030 tide
262 1990 314 2032 vos
331 1972 481 2061 abducere
505 1985 633 2036 conetur
652 2009 694 2024 -
713 1976 810 2046 servi,
833 1995 917 2034 nune
930 1972 1054 2051 juvenis

92 2087 284 2150 vehementis
304 2111 356 2152 vos
376 2092 469 2152 estis'’
480 2090 540 2173 (Ι).
585 2093 650 2166 Quo
669 2111 813 2170 responso
831 2092 907 2152 adeo
926 2092 1052 2152 Senato-

90 2223 140 2264 res
159 2218 355 2280 exarserunt,
377 2219 413 2269 ut
431 2227 560 2270 munere
578 2227 632 2268 sue
649 2208 838 2288 perduellem
847 2209 1051 2290 Arelli-Epis·

91 2342 204 2404 oopurn
223 2323 383 2403 indignum
402 2335 561 2388 censerent
587 2337 620 2388 et
646 2327 847 2389 decernerent
875 2327 974 2388 alium
988 2328 1051 2390 iio·

88 2461 140 2502 rna
159 2452 284 2524 petere,
308 2442 346 2503 ed
363 2443 441 2504 hane
467 2444 648 2523 dignitatem
675 2445 836 2523 aptiorem.
879 2445 979 2504 Simul
995 2461 1050 2504 ve-

88 2577 125 2620 ro
145 2561 360 2622 devastandam
377 2581 441 2622 esse
470 2579 571 2620 areern
598 2562 762 2622 Stekenam
790 2561 1047 2638 pronuntiarunt,

89 2679 173 2756 qnod
188 2688 225 2738 nt
243 2679 283 2738 ed
305 2678 398 2736 finem
423 2675 604 2755 perduceret
632 2676 831 2756 gubernatori
854 2677 1048 2742 mendrrmt.

89 2794 144 2856 iiio
155 2807 219 2856 tam
235 2795 358 2856 sortiter
376 2797 541 2876 pugnavit,
563 2807 598 2857 ut
612 2797 697 2858 brevi
715 2795 847 2857 Trollins
865 2815 967 2858 aroem
989 2799 1048 2878 ipu'

89 2913 215 2976 tradere
236 2925 268 2976 et
285 2935 413 2977 munere
430 2935 488 2978 ruo
502 2935 534 2976 se
553 2915 696 2977 abdicare
714 2926 877 2996 cogeretur
896 2913 1016 2997 (lete).

127 3148 286 3212 Sufficiant
304 3169 376 3212 vero
393 3149 470 3212 haee
487 3149 526 3212 ad
545 3155 753 3231 exponendam
777 3173 882 3214 rernm
899 3155 1043 3233 petitine·

88 3286 157 3332 rum
183 3267 241 3328 heo
269 3277 410 3348 tempore·
422 3269 455 3326 in
475 3268 582 3326 Sueeia
599 3268 822 3340 conditionem,
846 3287 941 3349 quae,
965 3288 1044 3349 qne·

87 3387 177 3448 modo
195 3407 265 3448 oum
279 3397 383 3446 nostre
398 3394 578 3465 argumento
597 3385 774 3456 cohaereat,
800 3385 865 3462 jem
879 3385 1042 3446 videamus.

87 3503 190 3585 Neque
200 3513 300 3565 tamen
309 3504 399 3583 longe
417 3505 605 3582 expositione
621 3503 681 3562 hoo
697 3502 825 3581 indiget.
847 3501 966 3561 Etenim
984 3503 1046 3564 eus

85 3632 187 3695 torus,
210 3621 264 3682 ΑΟ.
278 3621 373 3693 151t,
394 3619 623 3682 Universitatem
640 3621 841 3701 Upseliensem
860 3639 930 3680 oum
948 3620 1047 3681 stur-tr

85 3741 155 3802 aula
165 3747 410 3806 commutaverat.
432 3737 510 3798 uum
527 3738 630 3817 igitur*
640 3739 805 3800 acerrimae
820 3739 881 3800 hae
892 3738 963 3800 lites
971 3755 1042 3820 efle-

118 4023 159 4093 (ι)
176 4037 205 4076 r.
222 4017 358 4082 Delie,
377 4019 397 4074 Ι.
414 4034 439 4070 c.
454 4014 492 4068 Τ.
506 4015 554 4081 11,
571 4031 657 4082 eno,
674 4017 689 4078 S
705 4016 745 4070 ιθ.
763 4014 1039 4072 OtrurGeisiur

86 4109 281 4181 r.1,p.5r.
304 4103 863 4174 strirnhotn,1.e.u'.1,p.205.
887 4152 889 4158 ,

892 4217 941 4276 3,
