2668 4784
503 314 667 376 ...99-

104 521 218 566 uorum
234 505 268 568 in
293 504 398 568 urbem
424 502 535 566 deduoi
556 521 670 584 reque.
710 501 858 584 lleinoeps
874 519 949 565 reru
968 500 1055 586 (uam

102 623 185 686 haud
202 623 288 686 lubet
302 625 431 706 injurias
457 633 581 686 eunetes
598 619 730 703 referre)
749 621 888 702 llpsaliee
904 624 1054 684 durusne

100 744 292 818 murmuris,
316 753 471 825 quotquot
487 745 521 804 iu
542 740 623 802 urbe
638 737 792 812 adessent,
812 739 901 819 regui
928 738 1051 802 Senato-

99 879 163 934 res,
184 861 219 921 in
236 863 286 924 his
304 863 464 943 Episcopus
491 862 758 942 Streugnoseusem
785 870 818 922 et
843 861 1051 933 Arosiensem,

98 977 233 1041 llolmiae
250 989 284 1040 et
301 979 435 1060 Upsaliae
452 981 594 1042 Consules
612 992 644 1042 et
661 983 836 1056 Senatores,
856 1001 915 1044 nee
923 1000 985 1044 uon
995 983 1053 1042 Ca·

96 1097 222 1161 nonioos
241 1097 423 1178 llpsalienses
439 1107 473 1160 et
490 1117 593 1159 eoram
616 1100 665 1159 his
688 1100 844 1180 judicibus
871 1101 1054 1160 Suuuanvi-

94 1213 152 1274 der
169 1215 322 1294 ejusdem,
333 1235 370 1277 ae
388 1225 478 1277 antea
495 1215 596 1290 linui,
620 1218 757 1283 oriminis
774 1218 936 1278 aooussvis.
962 1217 1055 1278 Frus-

95 1339 143 1392 tra
171 1333 299 1406 Clerici,
332 1333 388 1412 qui
411 1333 531 1410 judicio
558 1336 746 1409 intererunt,
779 1335 944 1414 urgeltant,
963 1333 1050 1414 judi-

93 1447 185 1508 oandi
198 1449 252 1526 jus
268 1449 330 1510 hae
344 1450 382 1510 iu
397 1469 433 1508 rs
451 1450 591 1524 Clerieis‚
613 1469 675 1512 non
693 1471 764 1514 vero
782 1453 985 1514 saeoularibus
1002 1454 1049 1513 vi-

91 1566 136 1627 ris
154 1575 350 1645 eompetere3
371 1585 388 1625 a
407 1567 533 1628 caeteris
555 1569 668 1647 judieii
691 1571 778 1632 sooiis
796 1569 1053 1634 eundemuebetur

93 1683 316 1746 Sunuenvider
343 1683 509 1766 eodemque
537 1687 588 1749 die
604 1689 711 1768 eapitis
727 1688 936 1768 pleotebutur,
959 1707 1053 1769 quarn

92 1819 222 1879 poenam
238 1813 308 1884 post
328 1804 464 1864 triduum
482 1805 573 1867 etiam
593 1805 687 1866 subiit
706 1807 856 1868 scelerum
872 1807 971 1866 sooius
989 1803 1051 1884 (1).

132 1920 212 1982 Sunt
229 1941 301 1983 sane
329 1924 363 1982 in
387 1923 436 1983 his
452 1922 599 2003 plurime,
624 1923 737 2002 quibus
764 1923 914 1986 emtores
940 1921 1052 1984 istor-

92 2039 221 2100 mationi
247 2041 355 2102 favisse
371 2041 518 2102 dioeudus
534 2050 590 2100 est.
633 2041 768 2103 Primum
787 2040 869 2100 enirn
886 2039 1053 2100 deelaravit

92 2155 221 2236 antiqM
236 2177 269 2218 se
287 2159 474 2220 Clerieorum
488 2157 561 2234 jura
586 2155 669 2214 haud
695 2175 865 2236 agnosoere.
906 2156 1055 2238 Deinceps

93 2289 165 2334 vero
182 2275 418 2339 duumvirorum
436 2291 532 2354 poena
549 2275 677 2334 caeteris
694 2275 817 2337 Clerieis
834 2276 973 2356 exemplo
987 2295 1051 2336 esse

92 2391 214 2466 potuit,
247 2411 338 2470 quem
365 2411 467 2452 severe
490 2411 544 2452 rex
566 2394 600 2452 in
626 2411 711 2465 reos,
745 2395 956 2472 eujuseuuque
982 2402 1051 2452 tau-

91 2502 161 2566 dem
179 2478 295 2568 ordinis
313 2520 345 2570 et
361 2509 537 2589 diguitatis,
561 2509 832 2570 amimadverteret.
874 2510 1048 2584 Praeterea,

92 2622 261 2702 ignominia
277 2644 341 2704 qua
357 2643 426 2684 reos
445 2623 563 2697 effeoit,
587 2643 649 2685 non
667 2626 768 2704 potuit
785 2645 846 2686 non
866 2626 1000 2700 effluere,
1013 2636 1050 2688 nt

90 2737 318 2802 diminueretur
349 2742 536 2816 reverentie,
558 2762 622 2823 quo
650 2741 759 2804 Clerici
785 2763 803 2804 a
827 2743 918 2824 plebe
943 2745 1050 2805 heberi

91 2859 241 2920 solebant.
284 2857 396 2919 Verum
414 2859 467 2921 has
491 2869 593 2922 temen
613 2881 651 2922 eu
678 2862 744 2940 ejus
769 2861 897 2923 historia
923 2862 1049 2923 eradere

90 2977 232 3052 mallem,
256 2978 371 3060 quippe
388 2998 467 3060 quae
485 2979 539 3040 tali
557 2981 624 3040 viro
639 2998 762 3060 prorsus
780 2979 905 3060 indigna
921 2999 1048 3043 eonsen-

91 3091 128 3156 da
144 3106 228 3158 sunt.
255 3096 321 3156 Non
339 3096 479 3178 equidem
496 3097 621 3176 ignoro,
645 3097 810 3159 Custevum
827 3101 967 3162 excusus
981 3100 1046 3162 lor-

92 3217 167 3274 lesse
196 3231 284 3292 posse
308 3232 347 3272 ex
372 3213 498 3272 illorum
525 3222 697 3292 temporum
722 3215 858 3285 ratione,
891 3217 1049 3276 eseeleris

91 3332 260 3406 gravitate,
284 3328 334 3386 vel
359 3346 376 3386 e
401 3328 573 3406 proposito,
607 3347 668 3408 quo
690 3347 745 3386 rex
770 3325 956 3404 dueehatur3
977 3329 1059 3415 εωά,1

92 3447 206 3515 etsihis
224 3445 364 3508 omnihus
379 3445 592 3508 adCustavusn
608 3443 831 3506 defendendum
849 3446 895 3506 vis
912 3447 1049 3524 neganda

93 3565 229 3636 nonsit,
254 3563 304 3624 vel
331 3564 375 3623 sio
394 3573 494 3624 tamen
515 3583 550 3625 eo
568 3564 671 3625 valere
689 3583 751 3624 non
767 3572 909 3644 possunt,
942 3573 978 3624 ut
1005 3565 1047 3624 il·

94 3675 159 3740 lum
177 3682 365 3742 crudelitatis
383 3681 580 3744 absolvamus.
623 3679 735 3756 Quodsi
761 3699 834 3742 vero
851 3681 921 3762 quis
938 3679 1047 3742 addere

130 3943 170 4014 (ι)
190 3940 435 4004 Strinuholm,
456 3941 476 3992 1.
493 3957 518 3992 c.
535 3959 562 4010 p.
579 3939 640 3996 idd-
665 3939 780 3996 olaus
804 3939 969 4009 Celsius,
988 3945 1044 3997 l.c.

95 4047 120 4099 p·
137 4031 204 4102 505,
224 4031 284 4088 508.
315 4049 342 4090 v·
359 4029 489 4100 Delin,
507 4031 526 4085 l.
543 4045 567 4084 c.
583 4029 656 4095 ed,
677 4033 736 4100 §q

895 4143 934 4202 7*

407 4512 679 4623 iinfflCC
