2668 4784
522 389 683 448 ..73-

110 577 137 635 ti
159 575 223 658 (1).
267 578 329 651 Qua
346 573 574 656 opportunitate
590 583 627 635 nt
644 573 836 654 popularium
854 574 967 634 animos
986 591 1069 635 com·

108 693 234 773 posuit,
265 692 445 773 explicando
471 691 535 752 illis
561 709 665 751 varam
696 690 853 770 Evangelii
878 689 1064 764 doctrinam,

108 810 157 870 ita
171 811 264 870 etiam
288 810 388 870 ubivis
415 809 593 870 adhortatus
619 819 666 869 est
692 809 846 883 doctores,
870 817 907 868 ut
923 810 1069 889 sapientia

109 925 145 985 in
162 947 198 986 re
217 947 271 988 sua
289 927 506 1008 procederent,
530 927 658 988 lenitate
676 937 708 988 et
734 925 929 1006 simplicitate
955 925 1068 986 doctri-

105 1061 181 1103 nam
200 1045 389 1105 emendatam
406 1046 635 1118 annuntiarent,
653 1064 711 1105 nec
728 1044 815 1105 Pont.
837 1045 921 1106 llum.
944 1044 1071 1123 ejusque

107 1161 270 1222 ministros
287 1163 478 1222 contumeliis
495 1163 683 1235 lacerarent,
701 1163 751 1222 vel
768 1172 905 1235 sanctos,
928 1160 994 1219 dies
1011 1160 1071 1221 los·

40 1285 44 1293 ’
107 1286 176 1352 tos,
200 1279 342 1361 bonaque
359 1299 451 1359 opera
469 1282 557 1359 parvi
574 1279 760 1359 ponderent,
783 1279 836 1338 sed
853 1278 954 1358 potins
962 1279 1072 1340 aenaim

105 1399 285 1478 sensimque
298 1397 426 1456 meliora
440 1395 589 1454 docerent
605 1396 792 1474 melioraque
809 1394 996 1456 inducerent.
1018 1392 1068 1476 (2)

151 1513 224 1574 Jan'a
242 1533 334 1586 vero,
358 1521 394 1571 ut
412 1511 472 1571 hoc
491 1508 649 1582 addamus,
672 1512 705 1570 in
724 1512 932 1592 oppugnandis
950 1513 1072 1574 lanati·

107 1631 157 1691 cis
186 1628 396 1700 attollendis,
421 1645 499 1708 quae
528 1646 565 1686 ex
588 1627 698 1688 horum
723 1629 831 1710 agendi
854 1631 973 1691 ratione
995 1631 1073 1692 oriri

107 1749 301 1828 potuissent,
322 1745 469 1825 sequelis,
491 1744 688 1806 aliomodose
701 1748 792 1826 gessit
803 1749 964 1822 Gustavns,
978 1767 1071 1828 quam

107 1865 215 1926 adhuc
232 1882 265 1923 se
282 1871 425 1942 gesserat.
468 1861 507 1922 llt
533 1864 614 1922 anim
642 1873 731 1924 antea
757 1866 906 1926 nonnulla
933 1875 1071 1927 mutare·

107 1991 179 2056 rat,
205 1999 300 2062 quae,
323 1981 447 2060 vigente
475 1982 508 2040 in
533 1983 641 2044 Snecia
668 1981 851 2042 auctoritate
869 1981 987 2060 papali,
1014 1983 1073 2042 olr-

109 2100 287 2174 tinuerant,
325 2101 369 2162 ita
397 2100 454 2160 hao
483 2101 713 2180 opportunitate
739 2097 944 2178 praeceptoris
971 2109 1072 2178 partes

109 2219 255 2299 suscepit.
298 2219 361 2279 Neo
386 2225 490 2277 tamen
508 2217 552 2276 ita
568 2215 627 2276 hoc
645 2217 724 2294 egit,
743 2226 778 2276 ut
795 2215 915 2296 plebem
933 2225 1068 2278 tantuna·

109 2337 203 2398 modo
221 2337 417 2410 institueret3
440 2335 491 2396 sed
508 2335 587 2415 ipsos
613 2333 687 2394 adeo
713 2333 853 2395 doctores
879 2335 1069 2414 evangelicos

110 2455 272 2514 meliorem
290 2454 474 2515 reformandi
490 2455 640 2516 rationem
656 2454 770 2514 docuit.
837 2487 840 2494 ι

156 2690 313 2750 Gustoorss
339 2687 479 2768 Upsols'oe
506 2685 744 2765 disputationem
768 2686 898 2744 institui
916 2686 1026 2767 jubat,

177 2803 505 2868 Romano-Gothols'oos
520 2803 606 2860 inter
624 2809 655 2859 ot
668 2801 870 2883 Eesopalioos
889 2801 1010 2884 (roal).

154 3039 268 3118 Quodsi
294 3057 345 3113 ca,
384 3057 463 3119 qnae
489 3037 648 3116 hucusque
664 3040 870 3113 nanavimus,
894 3039 1067 3103 considera-

111 3181 199 3234 mus,
233 3157 398 3218 Gustavnm
420 3154 500 3214 nihil
518 3154 602 3215 alind
619 3166 775 3234 gerentem
798 3156 950 3232 videmus,
974 3179 1066 3239 quam

110 3278 196 3360 qnod
212 3293 231 3334 e
247 3275 332 3353 regia
350 3273 499 3351 dignitate
517 3281 625 3350 sponte
651 3274 852 3352 sequebatur,
880 3275 943 3334 illis
967 3277 1067 3355 inpri-

41 3439 46 3449 ,
110 3395 171 3454 mis
189 3390 391 3472 temporibus,
415 3387 527 3469 quibus
544 3395 758 3447 extraneorum
774 3389 924 3467 regimine
948 3392 999 3449 rix
1026 3391 1066 3450 li-

110 3512 220 3572 laea-nm
237 3515 373 3569 armarat
390 3523 519 3584 regnum
537 3503 706 3566 Snecioum.
739 3504 812 3577 Quis
829 3505 910 3562 enim
920 3505 992 3582 jure
1008 3507 1064 3568 ob-

109 3630 209 3708 jicere
226 3627 275 3687 illi
293 3624 455 3706 potuisset,
478 3623 516 3684 ad
533 3641 659 3684 munera
676 3624 850 3703 gravissima
869 3626 949 3686 siros
975 3625 1064 3687 illurn

110 3765 245 3816 vocasse,
266 3741 407 3804 doctrina
424 3750 456 3800 et
472 3742 553 3802 vitae
571 3741 748 3820 integritate
765 3741 966 3825 conspicuos?
987 3745 1006 3804 J
1009 3763 1063 3806 ure

119 3977 122 3986 ·
147 3956 187 4023 (ι)
206 3951 249 4003 Do
274 3952 325 4004 boo
347 3950 443 4002 itinere
466 3949 653 4020 (Briasgoto)
680 3953 795 4004 conferri
818 3961 903 4022 polest
926 3953 1060 4027 Lagea·

111 4043 241 4108 bring,
259 4039 370 4093 l.e.'l'.
390 4037 438 4104 ll,
457 4035 532 4102 od,
550 4042 567 4108 §
585 4039 613 4106 ὃς
634 4055 658 4092 o.
677 4041 725 4101 18,
745 4040 828 4108 μ’

147 4131 187 4200 (a)
207 4129 316 4184 Secutus
331 4143 427 4182 suras·
446 4123 573 4192 Dalin,
592 4129 611 4181 l.
626 4145 649 4182 c.
664 4145 734 4194 ca,
750 4131 766 4197 t
781 4125 820 4183 ὑ.
