2690 4790
526 387 705 448 -139-

123 580 221 644 natu,
248 571 288 634 do
312 571 421 652 eperat
446 591 500 634 aua
522 573 643 635 ratione
667 570 841 652 mpontit,
862 591 1030 653 prorooane
1051 571 1090 634 ad

124 688 256 752 deoreta
273 691 464 768 Aroeieneia3
484 689 536 750 aad
552 691 646 752 etiam
665 691 781 764 voluit,
805 700 841 752 ot
867 690 944 753 haee
968 691 1091 752 <leonte

123 807 229 870 denuo
247 807 495 868 examinarentur
510 814 543 866 et
560 808 815 872 confirmarentur
832 806 891 889 (1).
933 807 1090 870 Caeterum

122 943 199 988 vero
217 926 299 988 haee
314 926 438 988 deoreta
453 926 522 988 ideo
538 925 621 990 faeta
637 945 701 988 eaae
726 926 848 999 doouit,
872 924 1017 1005 quoniam
1033 925 1092 988 alia

120 1043 232 1106 adhue
247 1045 282 1104 in
298 1044 430 1106 Eooleain
447 1045 573 1108 Sueoioa
599 1044 813 1118 obtinuerant,
838 1063 929 1126 quam
955 1043 1035 1106 Deua
1059 1045 1093 1106 in

124 1162 231 1224 verbo
248 1179 303 1224 eoo
318 1173 534 1244 praeceperatp
557 1162 641 1242 quod
656 1163 777 1224 monuit
794 1163 828 1222 in
845 1161 1024 1222 defensione
1039 1162 1094 1222 tle·

120 1287 285 1342 oratorum
304 1280 529 1354 Aroaienaium,
553 1299 645 1360 quam
662 1281 721 1344 hae
738 1281 968 1360 opportunitate
983 1279 1094 1342 oonlioi

118 1407 154 1460 et
172 1416 283 1460 eoram
300 1400 389 1478 regni
413 1401 529 1460 Senatu
553 1400 689 1480 praelegi
703 1398 812 1477 juaeit,
836 1409 988 1478 quamque
1001 1397 1092 1462 deira·

119 1535 198 1596 nepe
216 1536 274 1596 per
291 1532 382 1576 omne
399 1525 529 1596 regnum
545 1516 698 1597 publicari
715 1515 834 1578 ouravit
853 1515 913 1598 (2).

166 1632 270 1707 Quale
294 1652 366 1693 vero
393 1632 517 1696 Guatavi
542 1633 638 1696 fuerit
658 1634 851 1716 propeaitam
873 1634 934 1694 rite
946 1633 1089 1710 delinire,

120 1760 173 1812 eet
200 1771 276 1814 eane
291 1751 513 1814 diffieflfimum.
556 1756 630 1831 Quia
645 1757 728 1816 enim
744 1755 873 1816 definire
888 1767 1006 1836 postet,
1029 1771 1095 1833 quo

119 1868 220 1930 modo
237 1871 272 1930 in
287 1872 420 1932 Guetavo
438 1871 601 1952 eonjunota
616 1893 720 1936 seeum
741 1874 875 1934 invieem
892 1873 1009 1932 luerint
1025 1883 1093 1932 atu·

121 1986 177 2048 clia
196 1987 342 2067 politioe,
366 1987 476 2068 quibua
493 1987 610 2052 t'ao'tum
628 1999 690 2062 eet,
715 1999 751 2050 ut
765 1997 797 2050 et
815 1989 933 2068 patriae
941 1990 1088 2064 ulum,

122 2115 157 2168 et
176 2127 264 2168 auem
280 2107 373 2194 ipeiua
383 2109 613 2176 auctoritatem,
625 2107 826 2185 spectaverit,
837 2115 871 2166 et
887 2105 1002 2178 studia,
1014 2123 1093 2186 qua·

120 2223 167 2286 lia
184 2226 222 2286 in
239 2225 376 2285 Luthero
403 2223 533 2300 aliisque
558 2229 743 2297 cernuntur,
774 2224 938 2286 Eooleaiam
964 2243 984 2286 e
1008 2223 1094 2286 ltali-

120 2342 229 2421 gionia
246 2339 435 2401 Christianae
461 2338 564 2400 indole
586 2338 797 2404 reformandi?
840 2345 975 2426 Utraque
990 2354 1093 2406 autem

122 2459 160 2518 in
180 2457 308 2518 Guatavi
326 2456 426 2517 animo
442 2476 548 2518 revera
574 2456 667 2520 fuisse
693 2459 858 2536 eoojanota
883 2461 979 2538 ipaiaa
1001 2461 1093 2522 verba

122 2577 251 2640 dooent.
293 2576 380 2637 llodo
398 2576 480 2636 enim
498 2574 637 2644 monuit,
660 2583 849 2653 quantopere
865 2575 1091 2640 Eooleaiaatioo·

122 2717 198 2758 rum
234 2694 399 2756 auotoritas
436 2691 470 2749 in
495 2689 621 2768 ,patriae
653 2690 776 2750 oeaaerit
812 2690 972 2766 damnem,
1003 2694 1093 2756 modo

122 2833 220 2886 vero,
252 2819 441 2890 quantopere
466 2825 484 2866 a
510 2803 649 2866 dootrina
674 2805 863 2869 Christianae
888 2809 993 2872 indole
1015 2811 1092 2874 liaeo

121 2930 322 3004 abhorreret,
346 2929 522 2992 declaravit.
562 2928 689 2999 Docuit,
712 2945 804 3006 quam
821 2930 1022 2989 uenenarium
1041 2949 1091 2990 ea-

121 3061 170 3112 aet
206 3049 244 3110 ad
276 3020 394 3128 patriae
431 3048 576 3121 salutem,
618 3055 655 3108 ut
685 3045 964 3108 Ecclesiastioorem
997 3046 1090 3108 dimi-

122 3175 299 3228 nuerentur
325 3165 467 3240 divitiae,
499 3168 561 3226 imo
586 3184 660 3226 vero
687 3163 864 3238 affirmavit,
896 3165 951 3226 hae
967 3165 1089 3226 divitiae

123 3301 224 3365 aeque
241 3301 277 3343 ao
294 3282 410 3354 fontes,
433 3281 516 3340 unde
532 3258 758 3360 profluxerant,
778 3280 835 3338 ltei
857 3279 961 3340 obeaae
977 3281 1087 3340 volun·

124 3402 196 3462 tati.
239 3397 405 3473 Quominua
432 3415 505 3456 varo
531 3406 697 3458 statuamus
726 3397 908 3466 Gestarum,
936 3396 999 3454 aive
1019 3395 1084 3466 hia,

123 3522 189 3582 aive
205 3517 286 3589 illia,
307 3516 398 3575 unioe
416 3513 509 3575 fuisse
526 3513 669 3588 (laetum,
693 3513 777 3574 varia
794 3510 974 3592 impediunt.
1016 3511 1085 3591 lpaa

124 3639 225 3707 enim,
250 3654 312 3718 qua
329 3634 448 3714 gavisus
472 3641 557 3706 erat,
581 3633 738 3692 institutio
769 3627 837 3691 talis
866 3629 983 3703 fueret,
1007 3647 1084 3708 qua-

124 3761 164 3822 lia
185 3759 302 3831 effecit,
325 3766 362 3818 ut
379 3756 575 3836 ejurentuto
594 3754 668 3818 inde
685 3757 745 3816 rite
762 3753 968 3833 intelligeret,
992 3735 1083 3832 quam

163 3958 203 4026 (ι)
221 3973 246 4008 v.
263 3955 391 4018 Datin,
411 3955 430 4005 l.
446 3969 470 4004 a.
487 3971 512 4005 c.
528 3951 563 4017 4,
581 3953 637 4027 55.
655 3952 902 4014 Strionholm,
921 3951 939 4003 1.
955 3968 980 4006 c.
994 3970 1020 4021 p.
1038 3952 1083 4006 52.

130 4046 298 4113 Frijxall,
319 4047 338 4097 Ι.
353 4061 376 4094 a.
392 4061 420 4110 p.
440 4057 498 4095 rna·
629 4083 633 4091 .

163 4137 202 4208 (a)
221 4131 475 4195 Strinoliolm,
495 4131 513 4184 l.
527 4147 550 4187 c.
566 4147 592 4200 p.
607 4147 648 4200 99.
