2698 4792
283 591 399 660 amaru,
423 605 503 666 qnae
518 589 601 648 inter
619 587 833 650 Smndinariae
851 589 963 649 ineolas
982 589 1161 668 viguerunt,
1186 590 1240 649 ri*

285 707 343 777 aa,
375 703 591 785 polygonum,
614 703 864 780 concubinatum,
887 707 1168 788 intemperantiam,
1197 707 1238 766 al.

285 843 355 886 oum
382 823 504 900 iisdem,
542 824 581 885 de
602 825 666 886 Iliis
692 825 791 906 deque
817 825 882 886 rita
908 824 1029 899 lutura,
1061 823 1243 886 notionibus

285 942 450 1002 arctissimo
481 942 574 1004 fuisso
608 944 787 1023 conjuncta,
820 943 889 1023 qrris
921 952 984 1016 est,
1015 944 1069 1023 qui
1100 963 1165 1004 non
1194 941 1243 1001 ri-

282 1055 378 1118 deat?
399 1056 447 1140 (1)
588 1051 589 1056 '

328 1173 442 1250 Quodsi
458 1195 531 1238 vero
550 1187 721 1252 teneamus,
755 1180 882 1252 Sueuos,
915 1177 1131 1258 antiquissimis
1158 1177 1255 1240 hisne

288 1295 493 1374 temporibus,'
513 1296 769 1370 bellicosissimos,
788 1297 880 1356 vitam
895 1295 1016 1356 duxisse
1034 1293 1242 1368 remaneam,

286 1411 435 1492 illosque,
457 1412 581 1474 domum
607 1435 757 1488 reversos,
789 1413 924 1474 uenando
942 1423 973 1472 et
992 1407 1151 1493 piscando,
1177 1414 1246 1474 vio·

287 1539 353 1590 tum
371 1528 429 1589 sibi
447 1531 629 1608 quaesivisse
646 1498 872 1609 quolidianum,
894 1533 1005 1592 mirum
1019 1551 1081 1592 non
1095 1541 1154 1604 eat,
1177 1541 1246 1590 sta-

289 1644 342 1703 dio
369 1643 677 1723 lassonitotis'apud
704 1643 773 1702 illos
797 1644 878 1705 haud
901 1649 1041 1724 viguisse.
1083 1649 1203 1708 Etenim
1222 1646 1249 1706 si

290 1761 474 1842 excipiamus
492 1759 597 1840 poesin
611 1769 643 1818 et
657 1760 755 1819 litoris
773 1760 888 1819 runicis
902 1760 1054 1820 scribendi
1072 1769 1168 1820 artem
1179 1761 1246 1844 (2),

292 1879 404 1960 quibus
421 1877 561 1939 nonnulli
580 1877 786 1937 tantummodo
815 1876 974 1950 valebant,
1000 1875 1079 1937 nihil
1096 1879 1247 1958 impedit,

295 1998 454 2077 quominus
469 2003 591 2074 gentem
606 1995 760 2055 Sueoioam
774 1993 921 2054 incultam
943 1994 1077 2056 dinamus
1091 1995 1153 2056 ill'n
1168 2005 1250 2057 tem·

294 2113 435 2194 poribus,
458 2131 537 2192 qnae
554 2110 720 2191 Religionis
738 2110 923 2174 Christianae
946 2113 1024 2192 apud
1042 2113 1126 2174 illam
1135 2133 1248 2194 propa·

292 2231 443 2308 gationem
470 2229 607 2307 proxime
632 2238 865 2290 antooossorunt.

335 2464 402 2526 nna
420 2473 520 2525 autem
536 2463 629 2544 hujus
650 2464 750 2543 gentis
768 2463 886 2523 exstitit
912 2464 1063 2539 conditio,
1086 2477 1247 2548 postquam

297 2581 469 2660 Religionis
491 2582 689 2643 Christianae
708 2582 760 2640 loo
777 2581 825 2640 his
843 2581 1018 2660 regionibus
1037 2581 1190 2644 affulserat
1215 2595 1248 2645 et

295 2697 513 2760 lithnioismum
521 2699 803 2778 septentrionalem,
823 2720 846 2758 a.
857 2699 1057 2774 Odinismum,
1070 2700 1244 2779 fugaverat,

295 2836 314 2876 a
340 2837 401 2897 quo
432 2817 504 2877 indo
531 2826 666 2896 tempore
690 2835 799 2894 magua
825 2817 887 2877 luit
905 2815 1070 2898 Religionis
1095 2819 1188 2898 hujus
1214 2822 1247 2880 in

295 2935 437 2995 mutanda
455 2936 619 2995 Suanorum
636 2933 808 2994 conditione
828 2935 882 2993 vis.

335 3053 454 3132 Religio
482 3051 649 3112 Christiana
675 3052 766 3111 altius
793 3053 940 3112 continuo
966 3053 1000 3112 in
1028 3053 1177 3136 Europam
1195 3057 1248 3117 ad-

297 3170 462 3230 scenderat.
505 3169 720 3231 Penetravorat
745 3170 799 3230 illa
819 3189 836 3229 e
854 3170 1037 3230 Francorum
1061 3174 1189 3254 imperio
1214 3175 1247 3233 in

299 3287 485 3349 Germaniam
508 3285 712 3367 superiorem
735 3305 885 3369 quamque
904 3287 1027 3350 Carolus
1053 3289 1091 3352 ll.
1109 3293 1173 3371 jam
1190 3291 1248 3352 sibi

298 3414 495 3487 proposuerat
521 3405 767 3486 propagationem
802 3425 857 3487 per
882 3405 1031 3488 Europam
1058 3409 1245 3489 Septentrio·

293 3592 557 3608 Μ

331 3699 371 3768 (ι)
390 3697 495 3760 Ueiis,
513 3698 1066 3771 quaediximus‚ridd.Lagerbring‚
1084 3699 1243 3764 l.c.o.13,

297 3787 546 3856 rl‚15passim.-
569 3803 595 3838 v.
620 3784 747 3852 Dalin,
776 3789 918 3843 l.c.c.5.
942 3819 960 3833 -
984 3787 1241 3852 r.Elendahl‚

286 3875 314 3928 l.
330 3875 457 3940 elul,
476 3895 499 3930 c.
517 3893 533 3928 2
550 3884 575 3928 et
592 3893 618 3946 7.

331 3966 372 4032 (α)
392 3963 433 4016 De
447 3963 494 4018 hae
508 3963 637 4016 scribendi
654 3971 709 4016 arta
726 3965 768 4018 off.
786 3982 813 4016 v.
830 3963 960 4028 Delio,
979 3966 997 4016 l.
1016 3983 1039 4016 c.
1054 3982 1078 4018 c.
1097 3969 1133 4032 8,
1152 3973 1168 4038 §
1184 3965 1210 4019 5.
1227 3992 1243 4010 ·

295 4070 321 4104 r.
339 4049 547 4117 Ekandahl,
565 4056 583 4106 l.
597 4073 623 4107 c.
639 4053 712 4112 Prol.
729 4070 752 4104 c.
770 4052 820 4104 IV.
837 4081 854 4094 -
871 4051 1039 4116 Miiuter,
1057 4055 1243 4124 Kirclsengs·

294 4139 424 4194 sollicite
443 4157 497 4192 von
517 4143 688 4196 Ds's'nemorlr
705 4159 737 4198 u.
748 4141 845 4195 Nono.
862 4141 897 4194 Τ.
916 4139 940 4194 Ι.
955 4157 983 4211 p.
1003 4159 1059 4214 ¹99·
