2690 4790
517 353 699 414 ...183-

116 537 278 613 dnbinre,
295 541 371 620 quin
396 537 511 600 bornum
535 537 596 600 boc
623 538 767 600 adimus
791 541 922 603 insultus
938 539 1076 602 hostin

116 657 233 718 auxilio
250 657 305 718 llei
323 664 499 718 constanter
520 654 654 716 obtineri
679 655 783 735 possit.
826 657 901 716 eum
918 665 1018 718 tamen
1034 658 1080 718 ab

115 777 296 841 odsenariis
320 777 367 836 vis
395 784 427 834 et
445 773 530 834 dolus
544 774 641 834 metui
659 773 786 846 debeat,
805 773 944 852 justum,
959 773 1068 854 pium,

115 895 316 958 christianum
334 893 394 957 sibi
412 891 508 952 videri
525 901 556 952 at
580 892 624 952 ita
648 891 683 950 in
709 891 810 952 animo
837 909 892 950 sno
917 890 1075 952 decretum

113 1033 178 1074 esse
187 1057 195 1087 ,
218 1022 257 1072 ut
274 1009 434 1072 concordia
451 1018 482 1070 et
506 1006 613 1068 foedus
639 1009 678 1069 ad
695 1007 901 1069 defensionen
918 1007 1076 1088 religionis

113 1132 306 1190 incrementa
331 1127 475 1206 accipiat,
508 1125 639 1204 ideoque
659 1127 831 1205 requirenti
847 1125 908 1186 hoo
926 1125 1074 1186 Christia-

111 1260 170 1316 no,
193 1243 305 1304 Daniae
321 1243 405 1322 regi,
429 1243 527 1316 affini,
549 1241 640 1303 fratri
665 1251 698 1304 et
724 1244 826 1304 ricino
846 1261 924 1315 suo,
945 1261 1073 1323 respou-

111 1361 207 1434 disse,
237 1381 270 1420 ae
287 1361 455 1440 proclivem
473 1380 551 1432 esse,
577 1369 614 1420 ut
641 1362 746 1441 aequis
764 1360 988 1422 conditionibus
1006 1360 1073 1422 l’oe·

110 1481 179 1542 deri
206 1479 388 1560 Evangelioo
415 1479 608 1540 accederet.’'
663 1480 811 1554 Quocirca
837 1499 855 1540 a
881 1477 1075 1559 Principibus

108 1599 220 1679 petiit:
243 1627 256 1654 ι
273 1607 309 1658 ιιι
337 1597 396 1658 sibi
422 1597 609 1658 occasioum
634 1596 818 1676 praeberent
844 1605 875 1656 et
899 1595 1072 1656 indicerent

110 1717 151 1778 ed
166 1715 329 1778 mittendos
357 1716 485 1793 legatos,
508 1714 569 1774 hoo
590 1713 629 1774 de
646 1717 769 1794 negotio
786 1719 939 1778 acturos.”
984 1716 1069 1787 Quae

111 1829 237 1892 Gestari
260 1831 416 1890 malamina
439 1829 525 1892 illam
542 1829 681 1892 habuisse
699 1832 843 1892 videntur
859 1833 938 1902 vim,
962 1839 1014 1903 ut,
1037 1831 1072 1890 in

110 1957 267 2010 consentu
282 1948 523 2022 foederatorum,
547 1947 601 2009 ΑΟ.
626 1948 704 2008 less
723 1945 919 2024 Smaloaldiae
945 1943 1070 2018 babilo,

110 2063 150 2122 hi
165 2065 347 2128 inclinarent
365 2066 404 2126 ed
420 2063 631 2143 recipiendum
647 2063 681 2120 in
698 2080 783 2121 suam
800 2062 976 2121 societatem
995 2061 1072 2120 Sne*

111 2183 179 2242 oiae
207 2201 318 2262 regem.
361 2183 416 2240 liic
446 2199 538 2251 vero,
571 2197 641 2239 cum
668 2197 703 2238 ea
736 2178 943 2240 teritummodo
967 2178 1079 2238 coudi··

112 2301 195 2360 tione
222 2301 257 2358 in
281 2297 389 2358 foedus
417 2297 499 2356 istud
518 2295 722 2375 reciperetur,
746 2305 782 2356 ut
799 2304 922 2356 centum
940 2297 1075 2358 dorono-

111 2437 179 2476 rum
195 2416 296 2476 millia
323 2415 362 2474 ad
378 2423 493 2474 sumtus
509 2415 695 2476 necessariae
713 2413 896 2475 defensionis
913 2415 1073 2476 Brunsviei

110 2533 278 2613 deponeret
294 2540 327 2592 et
345 2530 383 2592 ad
401 2551 544 2610 expensas
567 2550 681 2591 annues
707 2532 846 2610 quinque
873 2531 972 2592 millia
997 2545 1078 2592 oon-⁴

111 2652 263 2715 tribueret
289 2648 355 2730 (l),
388 2649 436 2708 his
471 2647 696 2710 conditionibus
727 2647 917 2708 subscribere
949 2649 1071 2710 differe-

110 2769 164 2830 bat
182 2767 242 2850 (2).
273 2768 411 2830 Affirmat
428 2769 551 2848 quidem
571 2767 801 2828 Gardesius
819 2764 881 2847 (3),
905 2785 1071 2847 provocans
1170 2745 1176 2760 ’

111 2885 151 2944 ad
178 2885 491 2948 Seokendorfii
515 2886 737 2957 testimoninm,
762 2886 927 2946 (iustarum
941 2885 1073 2948 bocan-

111 3022 152 3064 uo
170 3003 205 3060 iu
222 3005 396 3064 societatem
423 3002 554 3063 foederis
577 3003 767 3064 Smaloaldici
783 3004 876 3065 fuisse
892 3003 1067 3087 receptans,

112 3119 198 3200 quud
215 3129 314 3182 nmen
333 3141 428 3200 quum
447 3123 481 3182 in
498 3122 582 3184 huno
600 3141 718 3182 sensum
743 3125 893 3203 accepisse
910 3119 1078 3195 rideatur‚''

112 3239 176 3300 acsi
195 3239 319 3298 Sassiae
344 3241 411 3318 regi
434 3257 497 3300 non
515 3249 634 3300 tantum
658 3239 732 3297 haec
755 3241 881 3296 societas
901 3239 997 3296 fuerit
1014 3239 1073 3320 ⁰i’*

111 3358 195 3433 lata3
217 3355 333 3419 sedhic
350 3357 444 3416 etiam
462 3355 496 3414 in
513 3353 736 3414 foederatorum
754 3352 1076 3414 numerumsercferri

112 3494 218 3555 passus
244 3475 301 3546 sit,
333 3472 476 3552 equidem
503 3471 542 3532 ab
560 3489 596 3532 eo
613 3469 828 3529 discedendum
846 3488 909 3529 esse
926 3480 1020 3547 puto,
1042 3471 1075 3530 si

112 3593 218 3653 saltem
235 3591 431 3652 Dalinius
449 3591 545 3652 malae
561 3609 624 3650 non
641 3589 682 3649 sit
700 3587 882 3650 accusandus
899 3588 986 3662 fidei,
999 3605 1074 3648 nar·=

111 3707 738 3790 nausii),A0.15l5,('1ustaviadllaniae
755 3725 859 3786 regem
876 3705 962 3768 dates
978 3705 1072 3768 fuisse

107 3847 369 3867 Μ

148 3927 189 3994 (ι)
208 3919 461 3983 Seckendorf,
480 3919 500 3968 l.
518 3934 542 3968 c.
558 3917 589 3969 S.
605 3917 705 3984 XXV,
726 3919 740 3980 S
760 3934 826 3984 102,
843 3937 871 3986 p.
890 3919 951 3973 418.

149 4015 189 4082 (α)
207 4029 232 4064 v.
252 4011 384 4072 Delio,
403 4009 421 4060 1.
439 4024 461 4058 c.
480 4023 504 4058 c.
520 4025 555 4076 7,
574 4007 588 4070 §
608 4021 648 4062 ια.

151 4099 189 4168 (3)
209 4098 367 4161 Gardes,
386 4098 403 4148 l.
423 4114 444 4148 c.
464 4094 562 4166 p.5›7.
681 4093 759 4163 (dli.
776 4107 798 4142 c.
