2690 4790
532 391 713 454 *loe-

134 581 186 642 sui
195 623 204 652 ,
229 580 371 660 quoniam
387 581 423 640 in
440 577 499 642 hoc
524 579 617 640 etiam
642 578 710 638 ritu
726 576 908 640 celebrando
924 579 993 640 oleo
1011 599 1098 642 sacro

135 697 186 758 uti
202 695 357 774 solebant,
380 695 492 757 additis
508 695 576 758 aliis
591 695 787 768 ceremoniis,
800 713 896 775 φιαο,
908 695 1011 758 etsiad
1030 716 1097 758 renr

134 825 270 878 nostram
288 834 350 876 non
371 813 503 888 faciant,
524 813 576 876 rel
592 814 637 874 sic
665 821 767 876 tamen
783 833 802 874 e
818 812 949 874 decretis
966 811 1097 876 Ecclesi-

136 933 241 994 saticis
269 951 488 1006 commemoro,
520 951 582 1013 quo
599 932 696 1012 magis
722 940 883 1012 appareat,
909 929 1017 1012 qrrales
1039 931 1098 992 boe

133 1063 275 1132 tempore
283 1052 317 1110 in
334 1051 439 1112 suecis
447 1051 638 1114 obtinuerint
651 1052 741 1112 ritus.
763 1050 898 1112 Parvuli
914 1059 1096 1130 septunce,

133 1170 181 1230 ite
197 1168 273 1230 baec
286 1168 411 1248 jubent,
435 1179 467 1228 ot
483 1170 618 1248 majoros
629 1169 746 1250 jejuni
755 1188 815 1250 por
823 1168 1010 1250 Episcopum
1024 1185 1098 1227 cess

127 1285 300 1366 firmentur
317 1296 348 1345 et
357 1285 503 1365 fasciolis
527 1303 632 1344 coros·
641 1289 768 1365 frontes
785 1285 941 1365 haector,
964 1283 1098 1346 utros-

133 1413 244 1484 mque
264 1402 359 1462 tertio
379 1402 431 1462 dic
450 1422 470 1460 c
488 1400 708 1463 cirirmotioso
735 1403 821 1484 epod
843 1400 1015 1464 Ecclesiam
1037 1417 1100 1482 per

127 1521 365 1602 presbyterum,
398 1521 427 1579 si
455 1519 605 1580 commoda
626 1520 704 1600 fiori
724 1529 842 1601 potest,
867 1529 899 1578 ct
923 1517 1039 1581 utorio
1066 1527 1098 1578 et

128 1638 345 1720 parabolas,
378 1637 433 1717 qui
452 1639 566 1717 suerat
597 1637 743 1719 olliyotcs
771 1637 895 1718 fronti,
936 1637 1096 1700 comborc-

133 1763 190 1814 tur
208 1752 268 1834 (1).

172 1869 273 1936 Pauca
298 1891 371 1934 vero
396 1873 490 1936 etiam
526 1873 574 1934 bis
600 1873 736 1934 adderrda
762 1883 836 1934 sunt
858 1871 897 1932 dc
922 1871 1098 1952 primm

133 1991 383 2065 consecratione,
406 1991 445 2052 de
462 2012 683 2074 componuntnr
708 2011 784 2062 usu,
807 1988 848 2048 de
873 1987 1022 2048 cretione
1039 2009 1096 2050 co·

134 2114 233 2166 trema
250 2107 348 2188 deque
365 2109 469 2170 missis
478 2129 544 2192 pro·
556 2111 774 2187 &functorum
790 2106 916 2168 ociosis.
946 2106 1097 2172 Nimirum

132 2225 184 2286 dic
200 2224 337 2298 Domini,
361 2225 417 2304 qui
441 2224 595 2302 Psscbstis
620 2225 733 2286 festum
758 2225 897 2304 proxime
913 2225 1092 2297 antecessit,

131 2345 305 2427 palmarum
323 2341 436 2402 ramuli
455 2342 624 2404 consecrari
641 2342 796 2416 solebant,
820 2343 933 2422 quibus
952 2343 1096 2425 deinceps

132 2479 274 2540 magum
289 2457 452 2522 Christiani
470 2460 645 2522 tribuerunt
675 2462 737 2523 vim
765 2460 805 2520 sd
822 2460 986 2522 avertendo
1000 2481 1096 2540 quee-

133 2600 258 2661 cunque
283 2582 363 2642 mala
388 2590 422 2642 ct
445 2580 484 2641 ad
509 2599 618 2658 magna
640 2597 842 2657 quaecunque
868 2577 1016 2655 patranda
1033 2576 1094 2657 (2).

132 2703 321 2766 bicribundis
337 2701 539 2762 adhibebatur
555 2697 662 2758 unctio
669 2704 822 2768 extrema,
842 2696 897 2774 qui
905 2694 983 2754 ritus
991 2741 1000 2770 ,
1013 2716 1092 2760 saec.

136 2823 203 2884 15⁰.
214 2823 296 2882 inter
306 2823 500 2882 Sacramenta
516 2818 648 2891 relatus,
671 2816 1093 2897 ahomnipeccatochristin-

133 2958 337 3020 respergere
354 2937 536 3000 censebatur
554 2935 613 3018 (3).
654 2936 749 2996 Porro
766 2955 839 2996 vero
855 2954 913 3015 pro
929 2934 1091 2996 &iuncto-

131 3081 202 3124 rum
219 3061 318 3124 salute
335 3060 442 3120 missae
459 3055 693 3120 celebrabantur
710 3054 891 3134 plerumque
908 3064 987 3127 tres,
1012 3073 1090 3134 qua·

132 3201 201 3242 rum
217 3180 317 3260 prima
332 3179 398 3258 ipso
414 3177 531 3238 funeris
548 3173 599 3234 die
616 3171 794 3248 dicebatur;
815 3174 912 3234 altera
929 3191 1003 3234 vero
1019 3171 1087 3244 die,

131 3306 201 3378 post
217 3296 391 3374 exsequias,
414 3294 541 3372 septimo
556 3291 606 3352 vel
621 3288 888 3370 quatuordecimo;
911 3287 1003 3346 tertia
1021 3296 1092 3347 tan·

132 3415 202 3476 dem
221 3413 375 3474 tricesimo
392 3420 460 3491 post
477 3410 545 3470 illas
561 3408 628 3482 dic,
651 3408 710 3468 nisi
727 3406 808 3468 forte
831 3405 900 3484 quis
926 3413 1088 3466 testamen·

134 3532 191 3603 tis,
214 3531 249 3590 in
266 3527 418 3591 Ecclesiae
436 3526 624 3590 commodum
641 3524 836 3605 conscriptis,
860 3523 910 3584 vel
919 3524 986 3586 eliis
995 3523 1090 3584 dona-

133 3647 268 3709 tionibus
297 3646 459 3720 effecisset,
483 3655 519 3706 ut
545 3645 671 3724 singulis
688 3643 746 3702 hae
763 3643 850 3704 annis
866 3650 1090 3723 repeterentur.

133 3769 200 3842 Quo
226 3766 456 3847 opportunitate
481 3761 663 3824 audiebatur
679 3780 892 3842 campanarum
909 3777 1019 3832 sonus;
1035 3760 1089 3837 qui

167 3961 745 4034 (1)brgerbring,l.c.§9,aot.6

169 4059 209 4122 (2)
228 4051 398 4118 Bsolter,
416 4055 435 4106 Ι.
451 4069 474 4104 c.
490 4069 518 4119 p.
537 4048 594 4102 145.

168 4133 1026 4213 (3)Bacltcr,i.c.p.496;‘i'homneor,l.c.p.2or.
1087 4152 1089 4158 ’
