2668 4784
519 343 698 414 ..109-

128 549 201 592 eum
219 520 341 592 Cleriois
357 547 423 590 rem
440 526 587 590 leeernnt.
632 527 735 604 Cives,
757 530 865 591 rustiei
890 541 923 596 et
943 535 1089 598 montani-

129 646 313 708 Glorioorum
335 647 409 725 jura
426 655 458 707 et
473 645 647 726 privilegia,
669 667 761 730 quam
785 649 931 730 patriam,
951 652 1083 731 perdere

127 765 293 839 malebant,
314 767 372 826 etsi
385 768 564 848 oeteroquin
581 785 684 826 rerum
700 766 895 847 antiquarum
913 777 1012 829 essent
1029 779 1077 831 te-

125 882 287 942 nacissimi.
535 879 537 886 '

163 999 217 1059 llis
242 999 340 1078 igitur
364 1001 444 1079 regia
470 1001 685 1075 onneellarius,
715 1001 896 1064 Laurentius
921 1002 1078 1079 Andreae,

123 1115 215 1180 solita
233 1116 422 1197 eloquentia,
445 1119 479 1178 in
496 1117 671 1180 memoriam
687 1121 842 1182 reroearit
859 1129 996 1201 tempus,
1019 1139 1081 1200 quo

123 1231 272 1294 ausurus
293 1235 419 1296 Sueeiae
436 1253 492 1295 rex
509 1243 627 1296 oreatus
643 1235 759 1309 fuerat,
786 1237 877 1297 simul
902 1257 974 1299 vero
989 1257 1079 1320 prae-

120 1360 240 1412 rontem
268 1352 386 1430 patriae
413 1352 618 1415 conditionem
653 1353 693 1412 ob
728 1353 831 1415 oeulos
866 1355 938 1435 ipsis
965 1357 1077 1436 posuit.

120 1467 286 1546 Proposuit
302 1467 366 1526 iuis
385 1467 567 1540 (iustarum,
591 1485 623 1528 ae
648 1467 714 1528 lere
738 1467 853 1544 inrito,
874 1491 985 1533 munna
1006 1493 1078 1554 gra-

120 1585 281 1646 vissimum
298 1585 463 1664 aooepisse,
487 1603 581 1664 quum
598 1586 723 1646 eandem
741 1598 851 1649 sortem
880 1591 1019 1666 timeret,
1043 1613 1079 1654 ao

124 1699 203 1762 oliuu
235 1701 358 1761 Carolus
376 1700 451 1760 VIII
475 1700 523 1782 (l)
550 1702 664 1783 aliique
688 1706 840 1787 principes
866 1698 988 1789 eaperti
1012 1695 1082 1773 lue·

118 1827 212 1896 rant3
234 1819 364 1880 eundern
381 1837 455 1878 vero
472 1838 621 1900 sperasse,
645 1843 716 1884 oum
735 1815 858 1886 tandem
875 1827 1081 1907 obtemperas·

119 1946 167 1997 set
185 1939 321 1998 omnium
338 1937 495 2018 precibus,
516 1938 597 2012 lore,
624 1949 660 2001 ut
678 1943 784 2014 Sueoi,
808 1943 997 2022 experientia
1005 1963 1080 2023 prn-

119 2054 275 2117 dentiores
294 2053 385 2130 faeti,
409 2057 443 2116 in
461 2067 617 2137 posterum
635 2079 652 2118 a
671 2059 829 2120 discordiis
848 2069 881 2120 et
897 2061 1026 2121 internis
1039 2062 1080 2121 li-

118 2174 204 2234 tibus
221 2174 428 2234 ahatinerent:
460 2173 527 2244 aed,
551 2177 648 2238 eheul
670 2177 722 2238 vix
740 2175 910 2239 libertatem
928 2198 992 2240 esse
1009 2180 1079 2240 rin-

117 2293 254 2356 dieatam
271 2303 304 2354 et
320 2311 426 2373 paoem
442 2294 628 2368 restitutam,
652 2297 730 2376 quio
748 2315 844 2358 novae
861 2297 1017 2358 orirentur
1030 2317 1079 2359 se·

117 2411 268 2483 ditiones,
293 2411 440 2470 tumultus
457 2413 546 2489 novi;
577 2413 691 2474 frmtra
718 2415 815 2492 igitur
836 2431 892 2492 per
917 2413 982 2472 dies
1001 2431 1075 2474 noo·

118 2538 229 2610 tesqua
246 2547 348 2608 regem
364 2529 507 2588 meditari
522 2531 640 2607 patriae
656 2529 804 2605 salutem;
826 2530 927 2590 omnia
941 2531 1008 2608 ejus
1026 2547 1078 2592 oo-

116 2649 243 2710 namina
268 2647 380 2707 malam
402 2646 436 2704 in
452 2655 570 2725 partem
587 2645 694 2724 aenipi.
735 2645 811 2726 Regi
828 2646 925 2722 euim,
950 2658 1080 2729 urgente

155 2849 197 2917 (ι)
216 2843 269 2898 Hic
293 2845 321 2896 in
342 2845 453 2898 historia
478 2860 576 2914 pugnae
607 2841 769 2900 Clericornrn
792 2845 862 2896 inter
887 2853 914 2898 et
934 2844 1079 2899 Succorum

115 2951 209 3004 regum
242 2935 421 2987 auctoritatem
451 2935 598 2987 notissimae
619 2940 665 2984 est.
708 2930 831 2996 Etenim,
864 2951 945 3002 quum
968 2933 1080 2986 Carolus

116 3025 206 3077 omnia
223 3023 291 3074 bona
306 3025 496 3089 ecclesiastica,
524 3039 592 3092 qnae
617 3027 707 3074 contra
725 3023 825 3091 legem,
855 3021 906 3073 ribi
923 3021 1078 3074 vindicave-

116 3123 177 3167 rant
193 3111 307 3178 Clerici,
327 3131 478 3180 reenperare
491 3115 587 3173 vellet,
607 3113 644 3164 ita
660 3110 755 3162 horum
769 3109 819 3162 eibi
829 3111 961 3164 contraxit
968 3109 1076 3172 odium

116 3210 146 3254 ut
173 3200 285 3268 Archi·
295 3201 428 3267 episcopus
452 3202 526 3250 Jlr'nn
546 3204 695 3268 Bengtaon
718 3197 746 3246 in
764 3196 835 3248 Eccl.
860 3198 987 3250 cathedr.
1011 3196 1080 3262 Upa.

115 3289 261 3356 insignibus
278 3289 329 3338 suia
344 3305 370 3338 ae
388 3285 507 3346 exuerit,
532 3293 630 3351 atque,
648 3285 756 3334 loricam
773 3292 799 3334 et
816 3283 928 3350 gladium
952 3286 1076 3350 cingens,

114 3376 266 3447 jnraverit,
284 3391 312 3424 se
335 3375 515 3425 vestimentum
540 3387 641 3421 sacrum
663 3371 712 3421 eibi
733 3369 804 3421 haud
830 3387 883 3421 aare
906 3372 1081 3434 induturum,

117 3473 277 3532 anteaquam
287 3465 333 3530 'jus
348 3469 375 3513 et
394 3460 491 3528 justitia
511 3459 539 3510 in
553 3455 647 3510 Snecia
663 3457 787 3525 vigerent.
822 3457 928 3509 Proelio
946 3473 1004 3509 cum
1019 3475 1079 3526 rege

118 3553 272 3616 commisso,
294 3547 419 3601 carolum
443 3549 527 3617 coegit
548 3546 576 3596 iu
598 3541 766 3596 Germaniam
789 3546 918 3614 aufugere.
938 3545 1079 3616 (lirinus

118 3637 223 3702 Olai,
248 3640 266 3690 Ι.
284 3656 308 3692 c.
326 3657 353 3705 p.
373 3636 431 3692 205.
466 3633 713 3705 Lagerbring,
741 3634 775 3686 Τ.
798 3634 861 3700 IV,
885 3655 908 3687 c.
934 3638 969 3698 8,
995 3639 1013 3706 §
1036 3635 1078 3690 32.

118 3743 146 3779 v.
166 3725 278 3780 Dnlin
304 3725 338 3780 T.
367 3725 412 3790 ΙΙ,
436 3741 463 3777 c.
489 3743 538 3797 17,
567 3729 640 3794 520.
676 3721 787 3776 Botiu
806 3723 995 3788 'l'.lI,c.:t,
1017 3727 1077 3796 §4.

119 3815 378 3876 Strinnholm,
407 3815 425 3866 l.
449 3830 472 3864 c.
502 3832 530 3882 p.
556 3811 627 3882 135.)
665 3813 807 3882 Postquam
822 3815 973 3877 vero,n⁰.
993 3815 1077 3890 1464,

119 3905 208 3956 denno
226 3921 271 3955 rex
290 3911 392 3956 creatus
407 3903 516 3963 Inerat,
543 3899 615 3952 brevi
640 3901 750 3954 eandem
770 3909 867 3954 sortem
884 3911 1003 3970 expertus
1021 3916 1075 3968 rat,

118 3992 262 4044 rebellante
282 3987 414 4059 Episcopo
437 3988 550 4055 Lincop.
579 3986 704 4042 catillo.
738 3987 771 4057 (S
782 3996 791 4040 l
802 3991 855 4040 rin
866 3989 998 4058 nltolm,
1018 3998 1034 4046 Ι.
1054 4009 1075 4042 e.

118 4097 149 4148 p.
169 4078 226 4134 142.
261 4076 617 4143 v.Datin,1‚c.c.18,
637 4081 653 4148 ᾗ
672 4075 726 4145 ιι.)
