2668 4784
633 355 816 418 -112-

246 547 285 608 tia
301 559 428 622 purum,
448 544 693 604 annuntiaretur.
713 577 754 590 -
774 543 863 604 liirce
876 559 949 604 vero
957 539 1091 604 decretis
1138 542 1210 607 Vea-

245 629 327 722 tertla
345 653 571 736 llacetadictis,
583 659 849 734 eliaedditasnnt,
876 635 1037 720 Verterde-
1048 660 1212 721 Ordinan-

246 779 293 838 ts‘e
322 787 447 852 vocata,
470 797 602 859 qnorum
619 777 783 840 nonnullos
801 777 946 839 articulos
971 775 1027 837 hio
1052 777 1216 840 recensere

242 895 352 973 jurat:

286 1015 424 1098 Episcopi
450 1019 628 1100 caeterique
645 1019 843 1081 ecclesiastici
860 1017 1017 1097 eligontor
1033 1015 1116 1096 regis
1130 1033 1212 1077 con-

246 1153 354 1208 sensu,
376 1135 421 1197 ite
437 1145 490 1212 ut,
513 1138 571 1198 etsi
597 1137 744 1218 Episcopo
766 1138 807 1198 sit
829 1135 959 1197 facultas
987 1131 1121 1213 eligendi
1138 1151 1212 1214 pas-

246 1260 343 1326 tores,
367 1254 417 1314 vel
436 1255 481 1316 sic
499 1263 599 1316 tamen
615 1255 741 1316 illorum
760 1257 871 1318 electio
888 1255 970 1335 regie
988 1253 1118 1314 examini
1134 1251 1213 1312 suh-

242 1370 387 1450 jiciatur,
411 1391 451 1434 eo
467 1375 607 1448 consilio,
631 1383 685 1448 ut,
708 1374 734 1434 si
749 1374 830 1434 viros
845 1371 927 1434 lorte
946 1372 1106 1452 elegissent
1122 1369 1215 1432 haud

245 1485 387 1562 idoneos,
412 1491 577 1570 reprobare
594 1490 650 1550 hos
668 1511 722 1550 rex
739 1493 833 1571 possit
851 1488 911 1572 (Ι).

283 1603 453 1666 Gonfioiant
481 1605 620 1686 Episcopi
647 1615 679 1666 et
706 1608 851 1668 canonici
877 1608 1031 1688 catalogos
1049 1605 1211 1668 foenerem

245 1739 433 1793 annuorum,
456 1720 668 1801 cujuscunque
689 1723 752 1784 sint
777 1723 916 1802 generis,
948 1734 985 1784 ιιι
1007 1743 1063 1784 rex
1080 1725 1211 1787 delinire

245 1841 360 1921 possit,
384 1845 498 1919 quanta
516 1857 586 1918 pars
604 1841 722 1900 aerario
739 1839 864 1920 publico
882 1843 923 1902 sit
940 1842 1093 1905 solvende.

286 1957 325 2018 In
341 1958 430 2018 rebus
447 1945 590 2017 civilibus
609 1955 718 2017 Clerici
735 1953 907 2018 facinorum
925 1961 1061 2022 rationes
1077 1961 1210 2022 reddant
1332 1971 1333 1976 ’

240 2074 396 2154 judicibus
411 2073 554 2135 civilibus
571 2073 630 2156 (2).

285 2191 396 2266 Quodsi
413 2191 546 2270 legitimi
565 2191 665 2254 adsint
682 2191 827 2266 heredes,
854 2192 920 2266 his,
947 2214 1011 2256 non
1028 2215 1103 2259 vero
1120 2197 1207 2278 Epis·

244 2328 336 2390 copo,
348 2318 539 2370 mortuorum
557 2311 744 2372 clericorum
758 2311 837 2371 bona
855 2310 964 2373 cedant
974 2358 983 2385 ,
995 2332 1053 2375 nec
1070 2316 1208 2376 couscri-

241 2429 333 2492 batur
347 2437 578 2502 testamentum,
597 2428 630 2486 in
645 2427 852 2506 legitimorum
866 2428 1012 2489 heredum
1027 2431 1184 2493 damnum.

282 2547 434 2608 lionechis
451 2546 695 2609 mendicantibus
712 2565 774 2606 non
792 2545 867 2607 licet
893 2548 1079 2606 monasteriis
1097 2551 1206 2624 exire,

241 2665 280 2728 ed
297 2665 500 2747 colligendam
518 2667 645 2746 stipem,
669 2666 728 2724 nisi
746 2664 925 2745 perdecem
943 2667 1105 2744 quotannis
1122 2665 1209 2728 heh-

240 2783 397 2859 domades,
421 2785 495 2844 dum
514 2783 667 2844 llonachis
684 2781 897 2862 praebendalis
915 2785 1037 2845 omnino
1054 2785 1206 2848 interdic-

241 2914 274 2966 ta
292 2913 338 2965 est
357 2903 551 2964 mendacitas.

280 3021 318 3082 In
336 3024 434 3084 causis
450 3018 615 3080 levioribus
632 3037 694 3078 non
711 3017 892 3076 adhibeatur
908 3020 1198 3094 excommunicatio,

239 3157 297 3200 nec
316 3140 486 3219 puniantur
503 3135 651 3216 pecuniae
668 3135 800 3206 mulcta,
824 3135 896 3214 qui,
920 3146 1052 3214 urgente
1070 3139 1201 3198 necessi·

241 3267 324 3331 tate,
343 3257 394 3316 die
421 3256 560 3330 Domini,
593 3253 784 3333 caeterisque
806 3251 914 3313 diebus
942 3251 1044 3329 lestis,
1069 3255 1201 3317 laborem

238 3373 322 3438 haud
352 3376 576 3446 intermittant,
607 3373 716 3436 aliiavc
753 3373 929 3453 hujusmodi
960 3393 1008 3434 res
1042 3384 1199 3455 peragant.

242 3490 354 3566 Quodsi
373 3497 476 3549 eutem
490 3491 558 3570 quis
576 3491 609 3550 in
626 3493 723 3550 causis
737 3492 947 3555 ecclesiasticis
963 3492 1199 3573 pecuniamnlc·

241 3619 342 3682 tetur,
365 3606 498 3667 mulctae
516 3610 594 3668 ratio
612 3609 678 3686 regi
696 3606 852 3669 reddatur.

280 3725 340 3786 Pro
356 3741 520 3805 puerorum
539 3725 706 3804 baptismo,
730 3727 837 3806 sponsi·
848 3735 881 3788 et
900 3747 1041 3808 sponsae,
1065 3731 1099 3790 in
1116 3728 1199 3792 aedi·

270 3984 310 4053 (ι)
330 3983 416 4053 Supra
432 4002 459 4052 p.
477 3981 510 4035 60
528 3983 562 4038 de
576 3979 736 4036 clericorum
750 3983 876 4040 electione
893 3986 941 4052 ogi.

272 4076 311 4148 (a)
331 4073 417 4143 Supra
431 4091 457 4144 p.
469 4071 510 4125 55.
