2690 4790
554 393 738 452 -rttl-

163 579 380 654 lentissimum,
402 577 520 660 quippe
537 578 621 658 quod
648 579 801 658 epistolis,
825 577 949 652 edictis,
972 577 1122 642 orationi-

162 700 281 782 busque
305 701 442 762 subditos
470 717 537 760 suos
554 697 720 758 instituere
744 695 911 757 conabatur
928 705 959 756 et
974 700 1120 777 optimam

160 820 195 880 in
213 839 378 899 pueronrm
406 817 609 879 eruditionem
634 814 783 894 impendit
808 833 921 875 curam.
963 815 1121 877 Praeterea

159 937 349 1008 doctrinam,
362 936 396 994 in
413 935 518 995 Snecia
535 942 703 1012 receptam,
716 933 858 1012 publicae
866 931 1115 992 virorumdooto-

154 1071 231 1111 -rum
256 1051 460 1131 disquisitioni
485 1049 625 1110 submisit
650 1060 684 1110 et
706 1051 786 1112 hauc
811 1071 867 1131 per
884 1068 973 1112 mune
989 1066 1118 1130 rognum

159 1167 332 1247 evulgavit,
355 1169 399 1227 ita
423 1176 478 1240 ut,
507 1167 684 1246 quicunque
708 1167 823 1228 velient
848 1185 914 1227 rem
940 1167 1116 1240 attondere,

159 1283 328 1360 dijudicare
344 1293 482 1362 possent,
506 1283 583 1362 qnid
603 1283 715 1344 Christi
741 1283 899 1344 doctrinae
921 1286 1115 1358 conveniret,

155 1400 236 1480 quid
260 1419 333 1461 voro
359 1401 418 1480 ipsi
435 1401 579 1462 obstaret.
622 1401 716 1462 Porro
734 1402 824 1464 etiam
841 1402 957 1464 scholas
974 1402 1117 1463 emenda—

156 1518 221 1590 vit,
245 1537 282 1577 cr
300 1515 369 1578 aliis
386 1517 523 1598 Europae
540 1519 716 1598 regionibus
732 1521 813 1580 viros
830 1519 1016 1580 doctoresnd
1025 1537 1115 1600 prae·

154 1643 316 1714 ceptorum
332 1652 443 1695 munus
461 1637 494 1695 in
514 1636 621 1695 Suecia
638 1633 806 1695 invitando.
838 1632 943 1709 Quid?
962 1635 1047 1716 quod
1060 1638 1115 1716 ju-

153 1769 250 1812 vence
265 1755 429 1814 nonnullos
446 1753 536 1826 alibi,
560 1753 699 1832 inprimis
721 1753 754 1811 in
774 1753 948 1824 Germania,
973 1755 1116 1832 suppedi-

155 1875 230 1934 tatis
255 1875 328 1954 ipsis
354 1873 503 1934 sumtibus
529 1873 567 1933 ad
594 1891 658 1932 rem
685 1871 878 1940 necessariis,
912 1869 1115 1930 instituendos

154 1994 295 2065 curavit,
319 2001 351 2053 et
368 1994 429 2053 sire
447 1993 586 2072 exemplo
603 2011 673 2061 suc,
697 1990 761 2046 sive
780 1987 872 2046 etiarn
889 1987 1026 2059 monitis,
1048 1989 1116 2048 aliis

155 2110 322 2188 persuasit,
347 2121 381 2170 ut
398 2110 478 2170 idern
497 2117 634 2186 agerent.
676 2107 820 2187 Inprimis
838 2117 939 2167 autem
958 2107 1016 2167 bae
1032 2107 1066 2166 in
1080 2123 1115 2167 re

154 2243 193 2285 ea
211 2225 329 2298 valent,
353 2245 433 2304 quae
460 2225 591 2285 diximus
617 2222 656 2282 de
683 2225 831 2296 Gustare,
856 2226 884 2284 S.
907 2225 977 2286 Ccd.
999 2225 1114 2285 versio-

151 2361 224 2403 nem
247 2351 281 2401 et
307 2340 471 2400 editionem
498 2348 633 2399 curante.
675 2341 750 2401 Nam
776 2343 833 2402 etsi
859 2346 962 2422 priora
985 2343 1024 2405 ad
1048 2363 1115 2404 rem

152 2461 363 2540 gravissimam
371 2455 584 2537 perficiendam
594 2459 750 2518 conamina
764 2459 849 2519 ielici
864 2461 1031 2519 caruissent
1045 2479 1114 2520 suc·
1194 2469 1200 2477 '

153 2595 258 2648 oessu,
280 2575 331 2634 vol
352 2576 396 2635 sic
416 2583 516 2634 tamen
537 2575 570 2633 in
597 2574 645 2633 his
662 2595 724 2635 non
742 2575 893 2650 substitit,
917 2587 1024 2638 contra
1041 2597 1115 2638 vero

151 2694 280 2756 eandem
306 2693 449 2772 deinceps
480 2693 572 2766 viris,
605 2693 690 2772 operi
713 2694 898 2772 perficiendo
925 2695 1110 2774 aptioribus,

147 2811 315 2872 mandavit.

156 2969 160 2978 .
192 2929 237 2989 iio
269 2937 370 2987 tamen
397 2927 466 3005 quis
494 2935 600 3005 putet,
622 2927 734 3006 Regem
752 2938 876 2988 eatenus
903 2930 1111 2992 tantummodo

151 3047 312 3109 doctrinae
330 3041 518 3106 Christianae
535 3043 775 3104 emendationem
801 3066 937 3122 curasse,
962 3061 1113 3130 quatenus

151 3165 300 3228 nonnulla
317 3163 471 3236 instituit,
495 3181 575 3241 quae
599 3162 672 3222 huic
699 3162 840 3242 deinceps
867 3167 1015 3228 inservire
1041 3191 1112 3248 posu

149 3293 237 3355 seet,
261 3295 292 3345 et
311 3297 459 3366 quatenus
477 3280 611 3340 subsidia
637 3280 759 3350 attulit,
783 3299 862 3358 quae
889 3281 926 3339 ad
945 3283 1111 3342 emendan-

149 3403 221 3464 dam
247 3403 414 3464 doctrinam
440 3399 543 3460 valere
568 3405 706 3476 possent,
739 3397 978 3458 animadvertere
1000 3401 1104 3479 juvat,

148 3537 220 3581 eum
237 3513 333 3600 ipsam
351 3519 426 3579 adeo
442 3515 613 3577 doctrinam
630 3516 713 3575 vitiis
728 3537 859 3597 purgare
874 3527 1015 3580 conatum
1034 3539 1107 3582 esse.

149 3639 237 3714 Quod
262 3659 302 3698 ne
329 3638 373 3698 ita
398 3636 540 3695 universe
558 3633 674 3693 dictum
692 3633 847 3709 videatur,
870 3638 1008 3716 exemplo
1025 3639 1104 3712 sint,

147 3771 228 3834 quae
254 3754 293 3812 de
319 3771 391 3813 vera
418 3753 584 3831 religione,
616 3771 718 3812 amoro
735 3773 807 3833 erga
823 3753 920 3814 licum
939 3757 1108 3833 proximos-

146 3889 225 3954 que,
249 3891 312 3932 non
329 3890 402 3932 vero
419 3873 530 3936 ritibus
548 3873 705 3943 inanibus,
730 3880 765 3930 ut
790 3889 868 3950 aqua
894 3870 1030 3946 lustrali,
1054 3895 1106 3936 co-

145 4009 216 4063 rae,
240 3990 427 4070 palmarum,
451 3991 645 4052 candelarum
663 3989 904 4062 consecratione,
929 3990 1107 4054 Sanctorum

150 4107 343 4183 adoratione,
366 4109 463 4171 missis
488 4129 545 4190 pro
569 4116 758 4170 mortuorum
777 4106 900 4180 animis,
923 4108 991 4170 aiiis
1009 4107 1108 4168 absol·
