2668 4784
530 329 690 387 -91..

125 511 225 592 reparo
243 509 381 572 -Susriae
407 507 522 568 veteris
557 509 736 590 religionis,
767 521 927 594 postquam
945 513 1079 580 *tr-urm

127 637 297 690 tentaverat
323 625 582 690 deformationem
613 625 799 709 deprimere,
830 629 1077 713 drobi-episeo-

124 767 198 828 pum
225 745 462 822 adhortabatur,
493 755 530 808 nt
556 747 759 810 hiemarum
786 748 873 828 operi
889 747 1078 814 admoveret.

124 862 178 924 Hie
194 864 294 942 igitur
311 873 464 940 metuens,
487 885 526 926 ne
547 864 634 948 ‚apud
655 865 746 926 Pont.
765 865 852 927 Rom.
870 865 1075 946 negligentiae

120 989 335 1056 aoeusaretur,
363 981 458 1061 ipsius
478 982 685 1046 adhortationi
713 985 881 1046 radendum
907 1005 990 1060 osse,
1012 998 1082 1068 post

120 1095 300 1160 diuturnam
326 1098 585 1176 haesitationem,
612 1103 742 1164 censuit.
795 1104 896 1180 Quum
923 1123 997 1164 vero
1022 1106 1081 1186 ipsi

122 1215 255 1280 Gustare
275 1219 416 1279 resistere
433 1219 484 1279 vel
500 1221 615 1296 nollet,
643 1223 694 1283 vel
720 1221 803 1282 haud
826 1220 973 1296 auderet,
987 1222 1080 1302 *opti-

117 1354 201 1396 mam
221 1335 261 1396 ad
281 1334 475 1416 impedienda
492 1337 587 1414 ipsius
613 1339 775 1400 conamina
793 1339 913 1418 putavit
930 1341 1027 1414 riam,
1051 1343 1077 1400 si

116 1451 593 1536 pompaaosplendoreomnibus
602 1454 842 1534 palamfaoeret,
860 1469 974 1538 quanta
990 1460 1076 1522 vale-

118 1579 171 1632 ret
187 1575 381 1635 auetoritate.
405 1575 552 1648 Quocirca
561 1575 693 1636 vestibus
701 1575 826 1636 indutus
834 1578 1074 1656 pretiosissimis,

117 1690 385 1774 ducentorumque
401 1693 570 1754 electorum
587 1694 723 1756 custodia
743 1696 891 1775 stipatus,
914 1695 1078 1778 Episcopa-

117 1821 168 1874 tus
186 1810 391 1872 visitationem
408 1811 561 1885 instituit,
584 1811 668 1874 laute
694 1813 753 1874 han
780 1815 1010 1893 opportunitate
1028 1815 1078 1874 vi-

116 1947 192 1990 rens
210 1947 279 1988 num
295 1928 458 2006 juvenibus
475 1927 693 2002 nobilioribus,
711 1928 767 2008 qui
782 1927 873 1988 illum
888 1929 1077 1990 comitaban-

118 2053 240 2122 tur,=et
256 2063 366 2124 pompa
383 2045 543 2118 altarium,
567 2045 714 2118 calinum,
738 2044 868 2106 vestium
884 2047 1079 2110 sacerdotali·

116 2186 174 2228 um
191 2168 451 2230 eonaeerationem
477 2163 643 2224 celebrans.
676 2163 841 2238 (instares,
865 2185 982 2228 summa
999 2183 1078 2226 sam..

115 2305 172 2365 per
196 2303 289 2356 eura,
322 2282 399 2362 quid
422 2281 535 2342 ¹Clerici
553 2275 751 2352 molirentur,
773 2278 934 2344 obseruare
950 2285 1072 2358 solitus,

116 2400 293 2474 retrudite,
318 2400 489 2462 iohannem
501 2400 654 2460 ‘Holmiam
680 2398 836 2458 evocarit:
860 2427 873 2454 »
889 2399 1073 2472 Nesoisne,'’

115 2519 238 2599 iuquit,
262 2547 275 2576 ι
292 2517 369 2598 quid
386 2519 509 2580 tandem
527 2537 545 2576 a
559 2526 590 2574 te
604 2533 715 2574 munus
725 2513 950 2592 memerigat?
974 2517 1076 2590 Chris·

115 2648 208 2700 tuone
225 2637 323 2714 igitur
339 2655 410 2694 suos
425 2633 584 2714 Apostolos
606 2631 778 2710 horumque
803 2651 987 2696 successores
1006 2636 1076 2715 jus*

117 2754 176 2826 sit,
202 2752 259 2812 tali
276 2751 419 2811 oberrare
436 2749 513 2810 luxu
530 2758 562 2808 et
581 2768 629 2808 res
645 2749 792 2828 periinere
809 2769 849 2812 ne
875 2754 994 2814 minimi
1002 2757 1076 2834 qui·

116 2872 190 2932 dem
218 2869 381 2942 momenti,
424 2877 460 2930 ut
486 2877 559 2928 sunt
594 2885 808 2946 campanarum
840 2889 919 2950 aqua
956 2872 1077 2935 lustrali

117 2990 269 3072 aspersio,
312 2990 391 3064 alia;
431 3007 471 3050 an
509 3005 581 3047 vero
613 2986 673 3048 alia
709 3005 805 3068 eaque
842 2988 965 3067 majoris
1002 3006 1073 3070 pro·

117 3105 184 3168 tiii’
225 3107 262 3168 In
289 3108 318 3168 S.
348 3105 492 3168 Cadme
520 3105 623 3183 legere
650 3105 790 3178 memini,
825 3105 979 3168 Christum
1004 3107 1076 3168 illos

114 3225 240 3306 jussisse
259 3224 450 3303 evangelium
475 3240 659 3299 propagare,
682 3223 810 3296 dooere,
839 3225 916 3302 quid
940 3227 984 3282 sit
1007 3243 1075 3284 ere·

116 3340 255 3404 dendum
272 3340 312 3400 de
327 3338 390 3400 lieo
408 3338 508 3416 deque
524 3336 682 3398 volrmtate
698 3338 817 3412 divina,
851 3349 887 3400 ut
915 3339 1074 3400 moribun-

118 3460 152 3520 di
182 3457 262 3520 bona
288 3453 350 3514 sint
369 3451 563 3514 oonsoientia.
607 3452 689 3514 liano
706 3474 772 3514 rem
789 3455 822 3513 in
847 3453 914 3514 aliis
939 3455 1073 3534 regioni-

120 3577 179 3638 bns
204 3581 403 3655 susceperunt
426 3573 485 3632 viri
512 3571 612 3645 docti,
646 3572 676 3632 S.
709 3572 798 3646 eod,
828 3573 964 3656 aliosque
981 3572 1076 3634 libros

121 3694 215 3754 utiles
231 3695 477 3773 interpretantes.
519 3691 651 3752 atvero
668 3690 701 3748 in
720 3689 826 3751 Sueoia
843 3691 1017 3770 hujusmodi
1034 3691 1075 3754 li-

121 3813 173 3874 bri
200 3811 427 3882 desiderantur,
459 3827 521 3888 quo
548 3807 601 3880 fit,
634 3816 670 3867 ut
697 3807 780 3868 Laiei
807 3808 867 3868 alia
894 3807 996 3886 legere
1012 3831 1073 3873 non

123 3931 257 4010 possint,
290 3948 381 4010 quam
408 3925 501 3986 libros
527 3925 668 3999 inutiles,
702 3925 833 4005 illosque
862 3930 1075 4006 superstitione

124 4057 156 4108 et
183 4048 273 4110 rebus
302 4045 442 4110 inanibus
470 4043 619 4125 repletos,
650 4043 818 4124 cujusmodi
837 4055 908 4108 sunt
927 4046 1022 4109 Horae
1045 4029 1077 4104 S,
