2668 4784
589 351 788 419 .·-·78-

241 565 348 628 qm,
371 544 434 604 s'nso
451 542 577 600 videtur
585 541 703 622 seqare
719 561 739 600 a
762 541 848 620 sacis
866 559 990 615 comas,
1016 542 1098 601 siout
1115 541 1194 603 Dia-

241 663 324 726 tota·
342 681 465 722 emnam
485 659 543 741 (1).
586 659 745 721 Praeterea
771 679 843 720 vero
871 659 902 720 8.
922 661 951 722 8.
973 661 1035 720 vim
1053 679 1090 722 eo
1107 661 1199 722 valde

242 782 469 852 diminuerunt,
511 777 593 858 quod
630 749 664 836 in
690 777 816 858 singulis
849 778 925 840 loeis
960 777 1200 858 interpretandis

241 899 380 980 patribus
407 897 616 958 ecclesiasticis
642 895 732 958 iidem
758 895 974 974 adjunxerunt.
1025 897 1200 976 Evangeiici

243 1028 364 1091 nonna,
388 1017 446 1076 etsi
465 1017 494 1076 S.
516 1015 546 1076 S.
573 1015 694 1075 unicam
721 1015 792 1075 fidei
818 1034 955 1075 normam
981 1025 1194 1095 agnoscerent,

242 1136 293 1198 vel
319 1137 363 1197 sio
381 1145 482 1196 umen
499 1143 621 1214 patrum
639 1134 761 1214 seriptis
780 1133 962 1207 utebantur,
986 1142 1095 1214 utpote
1113 1134 1202 1194 testi·

243 1255 378 1316 monium
414 1254 594 1314 historicum
631 1252 722 1312 variis
759 1250 798 1311 de
835 1251 927 1311 rebus
974 1251 1200 1312 exhibentibus.

244 1373 305 1433 Nee
333 1371 368 1430 iu
394 1371 586 1450 singulorum
621 1369 758 1430 locorum
786 1371 816 1430 8.
845 1367 915 1430 Cod.
949 1369 1203 1450 interpretatione

243 1491 351 1552 borum
369 1489 483 1566 scripta
500 1487 756 1564 contemnebant;
778 1488 848 1561 sed,
873 1487 926 1548 ubi
950 1488 1024 1549 baec
1048 1507 1153 1549 veram
1173 1487 1202 1549 8.

242 1607 273 1667 8.
292 1605 474 1666 sententiam
492 1603 652 1664 flecterent
670 1613 702 1664 et
726 1613 924 1685 torquerent,
955 1606 995 1667 ab
1016 1607 1090 1687 ipsis
1117 1627 1204 1670 reee-

242 1722 376 1784 deudum
393 1743 475 1797 esse,
499 1723 752 1802 pronuntiarunt.

284 1843 525 1926 Disputationem
541 1841 610 1921 Ups.
629 1841 805 1918 singulatim
827 1840 1031 1914 attendentes,
1068 1843 1208 1904 Gallium

245 1962 315 2043 plus
344 1961 436 2022 semel
465 1959 504 2020 ad
532 1960 562 2020 8.
584 1959 613 2018 S.
632 1958 715 2020 dicta
731 1971 947 2038 provocantem
973 1962 1130 2039 audimns3
1153 1981 1207 2023 ve·

245 2099 315 2140 rum
340 2081 384 2141 ita
408 2079 468 2141 hoc
495 2079 574 2159 egit,
608 2089 660 2151 ut,
694 2095 788 2158 quum
822 2079 985 2140 intellectu
1008 2080 1049 2140 sit
1075 2079 1210 2141 difficilis

248 2197 278 2256 8.
299 2198 349 2272 8.,
373 2215 490 2276 nosque
507 2196 576 2258 idoo
595 2195 815 2276 interpretibus
833 2198 1038 2278 indigeamus,
1063 2198 1209 2261 admitto-

247 2320 296 2372 ret
314 2312 438 2373 Petrum
452 2315 685 2392 auctoritatem;
708 2315 765 2376 hac
791 2317 888 2395 igitur
915 2318 1034 2378 ratione
1051 2317 1084 2376 in
1101 2316 1210 2398 dispu-

249 2432 365 2493 tatione
382 2433 546 2512 prooessit,
570 2441 606 2493 ut
621 2432 749 2513 Spiritui
767 2432 797 2490 S.
817 2432 957 2490 resistere
973 2432 1115 2505 doceret,
1135 2437 1211 2514 qui·

250 2569 373 2630 ermque
400 2550 523 2610 Patrum
549 2549 674 2630 dogma,
708 2570 726 2610 a
753 2550 804 2630 Sp.
825 2550 854 2610 8.
874 2549 1041 2630 ingestum,
1060 2563 1210 2629 negaret,

251 2667 366 2746 quippe
383 2685 479 2745 quum
506 2669 686 2728 sanctissimi
703 2670 765 2727 sint
782 2669 842 2728 viri
863 2667 893 2750 (i
914 2669 978 2730 Pet.
1000 2665 1031 2750 l)
1051 2677 1083 2728 et
1102 2669 1213 2748 singu-

251 2781 329 2852 laria
359 2780 438 2842 doua
463 2782 535 2862 ipsis
557 2783 619 2842 sint
646 2781 766 2840 collata.
828 2783 943 2854 Quibus
979 2785 1023 2844 ita
1058 2785 1216 2865 respondit

253 2899 361 2971 Olaus,
384 2908 421 2959 ut
439 2897 621 2959 concederet
637 2898 921 2976 interpretationem
945 2901 974 2961 8.
1001 2903 1124 2964 Patrum
1149 2925 1214 2969 esse

253 3013 477 3094 recipiendam,
502 3015 555 3073 nbi
582 3033 644 3074 non
670 3015 862 3075 recedereta
887 3019 1002 3098 scripto
1029 3023 1132 3084 verbo.
1175 3025 1214 3086 In

255 3131 323 3194 aliis
342 3149 431 3204 vero,
444 3131 504 3192 hoc
521 3130 657 3192 addidit:
675 3132 944 3195 constitutionibus
960 3137 1099 3214 Patruus,
1112 3161 1128 3200 a
1140 3142 1168 3202 8.
1181 3142 1212 3204 8.

257 3250 522 3324 dissentientibus,
554 3269 609 3312 nos
626 3250 807 3312 discedimus
826 3252 865 3313 ab
881 3251 944 3314 illis
962 3251 1022 3337 (2).
1065 3257 1213 3332 Quocirca

258 3369 422 3444 Gustavtu,
446 3371 621 3452 disputandi
647 3373 755 3434 ardore
780 3372 914 3453 abreptis
940 3373 1096 3436 silentium
1113 3376 1212 3456 impo-

259 3511 352 3566 nens,
376 3492 535 3553 victoriam
553 3493 625 3554 Olao
641 3493 820 3574 assignavit,
844 3492 924 3553 hanc
938 3494 1076 3574 inprimis
1090 3493 1211 3555 obcau·

260 3625 340 3682 sam,
364 3608 447 3688 quod
464 3621 642 3688 argumenta
659 3629 677 3670 e
696 3611 724 3670 8.
748 3609 777 3668 8.
799 3606 937 3670 duxerat.

301 3724 447 3788 Absoluta
464 3724 523 3785 hac
540 3723 760 3804 disputatione,
780 3725 872 3805 jussit
890 3745 964 3800 rex,
986 3747 1022 3790 ea
1039 3747 1143 3800 rerum
1161 3681 1214 3794 aas

258 3893 553 3911 Μ

297 3983 337 4053 (ι)
354 3980 515 4038 Lutbsri
532 3985 605 4056 Opp.
619 3984 637 4036 Ι.
652 3999 677 4038 e.
692 4003 720 4054 p.
736 4003 797 4058 ²9¹·

295 4073 336 4144 (a)
355 4068 517 4137 Gerdss,
537 4072 556 4124 Ι.
575 4089 599 4125 e.
616 4069 739 4142 Quaestio
756 4068 780 4122 1.
