2698 4792
642 322 805 383 ..ss-

250 505 330 574 benc
338 509 528 574 Academiam
538 509 668 573 adirent.
692 511 844 590 laqueet
860 511 972 572 renati
990 517 1062 572 eraut
1079 508 1206 575 mitu-

250 639 329 702 tete,
352 639 388 688 ut
402 647 465 690 non
483 638 603 692 tantum
622 625 675 689 ΑΟ.
695 627 772 689 1518
790 625 926 706 Magistri
938 625 1131 702 dicerentur;
1154 643 1209 686 ve·

248 765 317 806 rum
335 746 427 806 etiam
436 745 563 806 lutheri
581 755 613 806 et
627 743 1210 808 llelanchtbonisamicitiamdemerue·

248 861 324 924 nint.
366 861 403 922 ln
429 864 559 942 patriam
577 861 719 943 deinceps
745 863 872 924 reducor
897 863 1042 942 juvenen,
1075 862 1145 942 qui,
1171 872 1211 922 ut

245 979 284 1040 de
309 979 381 1040 Olao
409 989 539 1040 tentatur
553 981 733 1042 Baoviue
753 977 818 1061 (1),
852 979 1055 1059 Vitenbcrffae
1080 979 1209 1040 lutheri

241 1097 430 1177 impietatem
452 1097 653 1172 imbiberant,
677 1097 857 1170 Antonello‚
882 1095 1070 1160 arcimbotdi
1095 1095 1205 1168 fratri,

242 1213 448 1292 indulgentiae
465 1214 498 1272 in
525 1213 707 1276 Gothlandia
734 1215 936 1288 nundinanti,
960 1235 992 1274 ne
1017 1233 1207 1294 oppoauere3

244 1340 277 1392 et
304 1339 373 1410 port
396 1330 472 1390 alioe
500 1329 539 1391 ad
568 1329 768 1394 emendandae
791 1351 839 1392 ree
864 1351 962 1393 sacrae
992 1340 1138 1404 conanae,
1173 1331 1206 1390 in

241 1446 363 1508 aedes.
406 1446 637 1525 Strenpuaaenai
657 1447 769 1531 (1523)
787 1449 918 1530 publicis
944 1449 1132 1510 orationibus
1150 1447 1205 1510 do·

242 1582 349 1624 encre:
379 1564 445 1624 οδ.
469 1564 539 1625 Cod.
568 1563 692 1645 probari
718 1585 781 1626 aon
808 1587 910 1648 poene,
944 1567 1063 1628 Annam
1092 1566 1205 1628 llariae

244 1679 337 1742 fuieae
355 1692 485 1742 matrem
496 1680 563 1763 (2),
587 1683 747 1744 llonaoboe
764 1685 970 1746 mendicantes
986 1683 1203 1745 handeeeead·

241 1800 422 1877 mittendum
445 1801 625 1862 Sanctorum
639 1801 860 1875 adorationem,
885 1803 979 1862 vitam
987 1801 1200 1873 monasticam,

242 1920 461 1982 confessionem
476 1920 677 1981 auricularem
691 1919 796 1979 divina
810 1920 993 1980 auctoritate
1010 1919 1134 1980 minime
1152 1899 1202 1978 ni·

241 2037 287 2112 ti;
309 2038 422 2113 verbo,
445 2039 616 2100 doctrinam
640 2035 754 2098 Christi
771 2055 955 2116 magnopere
973 2055 1038 2096 eoae
1056 2035 1202 2116 deprava-

243 2163 306 2214 tam
323 2163 417 2233 atque
434 2155 509 2214 adeo
526 2155 738 2215 emendatione
755 2153 919 2215 Ecclesiam
936 2152 1084 2232 indigere.
1127 2152 1201 2214 Bre-

240 2269 272 2328 vi
288 2269 325 2329 ad
340 2287 461 2348 regem,
485 2271 677 2330 comitiorum
691 2273 921 2349 opportunitate
936 2273 969 2332 in
982 2271 1041 2332 bac
1057 2271 1135 2332 urbe
1148 2268 1202 2332 de·

238 2398 380 2469 pentem,
404 2387 648 2450 Reformatorum
667 2396 830 2446 conatuum
850 2387 930 2447 lama
949 2390 1100 2467 pervenit.
1143 2389 1202 2464 Qut

240 2527 343 2570 coram
360 2526 392 2568 ee
405 2507 535 2586 juvenes
552 2505 725 2577 arcessivit,
753 2522 815 2564 una
833 2521 903 2563 oum
932 2504 1105 2564 Laurentio
1132 2505 1202 2564 Aa·

239 2626 349 2696 duee,
373 2624 631 2685 Archi-diacono
659 2623 906 2702 Strengneeensi,
939 2621 1010 2701 qui,
1033 2629 1102 2700 port
1118 2639 1201 2682 mor-

242 2751 305 2802 tem
320 2739 464 2802 Matthiae
478 2741 665 2818 (imperior,
689 2739 829 2818 Episcopi
847 2739 1093 2820 Strengneneaei,
1116 2738 1203 2820 Epie-

240 2869 382 2940 copatum
406 2858 636 2930 administrem,
661 2875 758 2916 novae
784 2856 941 2917 doctrinae
966 2857 1080 2918 areecla
1105 2829 1204 2918 factm

242 2975 353 3036 luerat.
396 2977 502 3036 Coram
519 2993 594 3052 repe
613 2993 644 3032 ee
662 2975 790 3046 sistunt,
815 2982 864 3044 et,
888 2991 950 3051 qua
977 2973 1114 3048 valebat,
1137 2975 1201 3036 elo·

242 3093 382 3176 quentia,
408 3091 589 3152 Laurentiue
607 3089 746 3151 Andreae
764 3109 826 3150 non
844 3089 941 3150 solum
961 3090 1144 3154 defendebat
1161 3093 1201 3154 il·

278 3354 319 3424 (ι)
339 3351 372 3406 ln
387 3348 500 3404 Annei.
516 3347 600 3401 Beel.
617 3355 687 3417 poet
703 3347 869 3398 baronium
884 3346 919 3398 ⁹1⁸.
944 3345 1017 3400 xlx
1028 3384 1037 3413 ,
1050 3366 1078 3416 p·
1091 3349 1152 3422 490.

277 3435 317 3511 (it)
337 3440 487 3494 Arctieelme
503 3439 572 3490 enim
594 3435 646 3490 lace
670 3436 824 3490 cohaerebat
849 3453 908 3488 cum
926 3438 1002 3502 laeti,
1028 3439 1056 3490 in
1074 3437 1201 3490 bonorem

244 3525 294 3580 S*
320 3531 430 3593 Annae,
458 3528 644 3580 celebratione.
693 3525 818 3588 Etenim,
852 3527 881 3576 in
911 3529 1024 3580 concilio
1055 3527 1202 3595 Arbogenrl

247 3615 338 3686 (aban)
365 3615 466 3668 Clerici
481 3614 583 3667 Suecici
599 3613 785 3677 decreverant,
805 3615 896 3665 Annae
909 3617 1060 3668 memorien
1074 3633 1122 3684 per
1137 3619 1200 3670 uni.

243 3719 346 3754 nereum
372 3721 479 3774 regnum
502 3719 556 3754 erae
580 3702 780 3764 celebrandam,
804 3703 875 3770 quod
901 3704 1033 3756 decretum
1050 3703 1078 3754 in
1091 3708 1202 3760 concilio

243 3789 496 3863 Arbogenri0417l
517 3799 713 3842 renovaverant.
745 3790 803 3842 lino
821 3807 901 3852 vero,
928 3793 979 3843 All.
999 3791 1080 3856 14³6,
1105 3795 1198 3849 tertam

242 3875 411 3932 inhonorem
432 3879 481 3932 su·
502 3880 592 3930 danae
609 3877 811 3944 celebrandurn,
829 3880 857 3932 ln
873 3879 984 3932 concilio
1001 3877 1197 3954 deerecpien·

240 3971 281 4030 ri,
300 3967 331 4020 in¹
344 3967 415 4020 sertia
428 3968 571 4034 majoribus
588 3966 696 4019 relatam
712 3967 804 4022 iceret·
840 3967 1056 4040 Lagerbring
1081 3969 1114 4026 Τ.
1131 3969 1196 4040 Ν,

237 4051 483 4128 amparet
505 4055 542 4108 18.
