2668 4784
503 383 683 444 --125-η

97 586 206 648 quum
223 565 313 630 tacite
329 547 531 650 perspiceret,
554 568 622 630 fore
636 568 767 630 utbreri
776 565 1000 632 seditionesiiic
1016 567 1059 630 il·

96 685 145 744 lic
160 697 373 760 morerentur,
397 707 489 767 quam
505 688 638 768 primum
647 688 850 747 innotesceret
864 685 1058 748 decretorum

97 801 311 864 Arosieusium
320 814 548 884 argumentum,
573 803 870 888 quumqueadeores
888 802 1056 884 luissetpe·

95 921 196 982 ciculi
213 923 321 1002 plena,
344 943 446 997 arcer,
470 923 548 984 bene
564 924 712 995 munitas,
725 923 758 982 iu
768 921 1060 1000 illorumrelinque·

95 1056 135 1098 re
160 1049 332 1118 potestate,
356 1042 410 1121 qui
430 1040 500 1102 data
517 1041 746 1122 opportunitate
770 1057 961 1100 communem
991 1057 1062 1097 cum

94 1157 270 1219 rebellibus
297 1179 361 1220 rem
387 1160 491 1222 fecere
519 1159 754 1240 haudquaquam
777 1157 971 1226 dubitarent,
1003 1173 1064 1214 nec

95 1275 222 1336 Braskii
239 1277 455 1350 haesitatione,
467 1297 526 1338 nee
545 1278 631 1338 Turii
647 1276 804 1354 precibus,
817 1273 997 1353 aproposito
1007 1289 1063 1334 suo

95 1412 130 1452 se
161 1395 262 1454 averti
280 1411 390 1473 'passus
407 1394 457 1454 sit.
499 1393 579 1452 llaec
601 1402 703 1454 autem
722 1391 844 1452 Gusteri
865 1393 898 1451 iu
926 1391 1064 1452 Gemitiie

95 1508 316 1569 Arosiensibus
324 1507 434 1585 agendi
452 1507 531 1566 ratio
549 1505 619 1565 setis
642 1525 794 1586 superque
812 1507 933 1579 docuit,
957 1527 1060 1587 regem

95 1624 771 1690 decretaArosieusiafortitervindicaturum
782 1645 853 1686 esse.
877 1626 963 1701 Quod
972 1627 1061 1687 deiu-

97 1764 177 1824 ceps
204 1745 295 1806 etiam
322 1762 360 1803 ex
389 1743 456 1804 aliis
481 1742 559 1804 bene
585 1743 691 1802 multis
706 1745 857 1823 apparuit.
898 1743 941 1804 Ex
959 1747 1065 1806 eodem

98 1863 188 1924 enim
206 1861 475 1922 celeberrimorum
494 1859 685 1922 decretorum
712 1865 860 1934 articulo,
892 1864 974 1943 rapis
997 1872 1068 1922 eret

102 1980 259 2060 definire,
284 1989 401 2059 quanto
420 1981 588 2058 soenorum
616 1979 906 2038 Ecclesiastieortsm
928 1998 1006 2061 pore
1029 1978 1069 2037 t'n

96 2097 224 2178 publici
251 2097 370 2156 aerarii
397 2117 488 2156 nsum
516 2105 594 2154 esset
612 2096 797 2154 adhibendo.
841 2097 990 2156 Gustavus
1006 2096 1066 2174 igi-

101 2223 175 2288 tur,
199 2214 286 2274 brevi
303 2224 372 2294 post
391 2213 531 2283 Comitia,
555 2213 637 2272 viros
655 2211 779 2273 idoneos
797 2212 928 2284 dimisit,
947 2231 1066 2292 eupro-

102 2333 226 2411 posito,
249 2341 286 2390 ut
304 2331 339 2390 hi
368 2339 518 2390 terrarum
544 2329 820 2392 Ecclesiasticarum
847 2331 999 2410 catalogos
1028 2332 1068 2392 ab

101 2448 276 2529 Episcopis,
305 2447 462 2508 canonicis
478 2457 509 2508 et
528 2448 776 2509 lionasteriorum
794 2447 990 2525 Praepositis,
1014 2465 1067 2506 nc·

103 2567 256 2647 cipereut.
301 2565 416 2639 Quibus
443 2567 592 2644 receptis,
616 2567 740 2626 foenera
757 2567 871 2645 partim
889 2565 948 2624 sibi
966 2563 1068 2624 vindi·

64 2683 68 2690 ’
103 2685 205 2756 cavit,
234 2683 348 2762 partim
375 2701 448 2740 vero
476 2681 629 2762 Episcopis
654 2692 686 2742 et
713 2682 870 2744 Conouieis
894 2683 1068 2762 assignarit

103 2801 257 2860 Nimirum
275 2798 398 2876 vigente
416 2797 591 2858 Hierarchia
608 2799 641 2858 in
659 2807 720 2858 tres
737 2809 839 2878 partes
855 2799 998 2860 distribui
1015 2819 1066 2860 so-

102 2917 213 2978 lebant
241 2915 392 2988 decimae,
416 2935 545 2996 quarum
571 2917 655 2996 prior
680 2919 794 2997 pastori
815 2917 1068 2999 (Kyrkohsrden)

104 3034 251 3106 cedebat,
282 3034 464 3114 posteriores
491 3054 562 3095 vero
589 3035 667 3096 duae
693 3037 805 3098 iterum
823 3037 937 3098 intres
962 3048 1065 3118 partes

105 3155 266 3228 abierunt,
307 3173 437 3234 quarum
473 3155 572 3234 prima
606 3155 674 3214 aedi
716 3175 819 3217 sacrne
855 3159 1065 3236 assiguabetur

106 3270 392 3352 (Kyrkotionden),
416 3273 513 3332 altera
530 3289 603 3328 vero
620 3269 659 3328 ab
686 3273 759 3348 ipsis
786 3273 882 3330 Laicis
908 3273 1063 3332 retinebo·

106 3398 161 3449 tur
191 3388 226 3446 iu
254 3405 422 3465 pauperum
448 3395 480 3445 ct
507 3385 747 3445 nosocomiorum
771 3388 959 3448 commodum
979 3387 1068 3467 (Fot-

109 3503 294 3588 tiqtionde),
318 3504 460 3582 deinceps
477 3513 580 3564 autem
598 3503 755 3564 Canoniois
780 3503 907 3564 cedebat
927 3490 1066 3586 (Kortik-

110 3622 248 3705 medo),
273 3622 382 3681 ultima
400 3621 522 3682 taudem
540 3621 694 3701 Episcopis
715 3623 890 3685 tradebatur
907 3626 1068 3706 (Bishapu-

111 3743 255 3826 tt'ondee)
277 3743 336 3825 (1).
378 3742 531 3815 Decimae,
560 3742 627 3803 aedi
656 3763 679 3800 s.
710 3742 890 3822 assignatas,
920 3743 1069 3804 Gustatus

111 3913 384 3930 *-

151 4013 192 4081 tr)
212 4011 440 4083 Lagerbring
456 4011 492 4066 Τ.
507 4011 536 4064 11
550 4047 560 4076 ,
574 4029 598 4064 e·
613 4029 664 4076 n,
681 4015 698 4081 t
713 4027 737 4080 7·
754 4009 998 4068 Striunbolm
1013 4017 1033 4068 Ι.
1047 4033 1072 4067 c.

115 4121 143 4170 p.
156 4099 220 4156 505.
235 4099 446 4171 Schubcrt,
460 4101 553 4156 ecta.
563 4099 873 4172 Kirclsenoerfaceung
887 4101 921 4158 Τ.
931 4103 945 4158 1
954 4123 1002 4174 ,·p.
1015 4103 1075 4158 ate.
