2690 4790
522 353 700 414 -177..

119 536 340 599 calumnias'de
358 537 506 612 Gustare,
528 537 693 600 Ecclesiam
711 547 855 614 vexante,
878 543 1002 621 sparsit,
1023 561 1076 604 re·

120 673 190 716 rom
218 655 308 715 etiam
341 655 379 716 ad
405 655 616 735 Lincopienses
648 655 795 737 Epistolas
833 656 934 731 dedit,
966 659 1077 740 quibus

117 773 188 834 illos
212 775 388 853 instigavit,
422 785 459 834 ut
485 776 641 856 antiquam
668 775 838 838 doctrinam
866 777 1073 839 defenderent.

117 891 277 954 Praeterea
294 913 369 954 vcro
395 893 433 953 ad
452 913 552 974 regem
571 895 662 956 etiam
680 895 822 974 epistolas
841 897 941 969 misit,
966 895 1076 976 quibus

114 1007 239 1090 abipso
256 1030 355 1071 arcem
372 1011 589 1072 llnnlebodam
617 1013 819 1092 expostulavit
836 1024 868 1074 et
885 1034 902 1074 a
919 1013 1076 1094 proposito

114 1125 300 1189 reformandi
317 1127 479 1188 Ecclesiam
501 1129 631 1190 eundem
649 1141 787 1190 avertere
804 1131 931 1192 studuit.
974 1130 1075 1204 Quum

112 1262 189 1304 uero
213 1245 247 1304 in
272 1245 320 1304 his
346 1245 483 1324 epistolis
509 1245 631 1306 decreta
658 1248 830 1310 Arosiensia
854 1249 969 1326 injuste
992 1248 1074 1310 lecta

112 1363 300 1435 declararet,
325 1364 473 1424 Gustavus
490 1365 534 1424 ita
550 1365 725 1444 respondit:
757 1393 770 1420 s
786 1367 824 1426 In
847 1367 983 1446 epistolis
1010 1367 1071 1427 tais

112 1481 235 1540 decreta
253 1479 424 1542 Arosiensia
442 1481 558 1560 injuste
584 1480 664 1544 facta
692 1502 756 1542 esse
783 1483 928 1544 affirmas.
1017 1484 1072 1546 sed

112 1597 197 1677 qnod
215 1598 259 1657 ita
280 1598 318 1658 ab
345 1599 484 1660 omnibns
510 1599 744 1678 agnoscebatur,
774 1600 892 1678 justum
918 1611 980 1674 est,
1009 1621 1073 1664 non

112 1735 187 1776 vero
205 1716 369 1794 injustum,
393 1737 450 1776 nec
479 1726 594 1776 temere
616 1717 761 1792 sumitur,
785 1719 950 1780 Snecarnm
968 1718 1073 1794 legum

112 1835 224 1896 multas
251 1845 394 1896 nontam
411 1843 532 1895 maturo
558 1835 682 1895 consilio
708 1846 741 1896 et
767 1836 902 1894 omnium
926 1853 1074 1895 causamn

111 1953 190 2012 latas
198 1952 307 2026 luisse,
320 1971 354 2013 ao
371 1953 445 2013 haec
462 1951 584 2014 decreta
600 1953 681 2012 lacta
699 1951 795 2009 fuere.
818 1950 971 2030 Injustum
989 1961 1069 2024 erat,

113 2069 198 2149 quod
224 2069 361 2150 Episcopi
378 2070 465 2130 donis
483 2068 694 2138 creberrimis,
719 2065 829 2146 quibus
848 2087 865 2126 a
883 2067 1073 2147 principibus

110 2188 241 2266 aliisque
257 2188 512 2257 cumulabantur,
536 2193 714 2258 uterentur,
738 2195 773 2246 ut
797 2186 920 2266 regibus
948 2186 1071 2246 resiste·

110 2313 181 2366 rent
200 2314 232 2362 et
250 2312 410 2362 extrancos
427 2303 578 2382 principes
595 2303 627 2362 in
646 2323 774 2383 regnum
791 2305 983 2366 inducerent.
1016 2305 1071 2366 In·

106 2423 229 2501 justum
247 2429 329 2493 erat,
355 2421 436 2500 quod
452 2421 590 2500 Episcopi
614 2423 756 2500 regimini
774 2423 859 2482 civili
877 2441 911 2481 sc
928 2423 1070 2482 inmisce-

110 2549 198 2613 rent,
221 2559 279 2600 nec
296 2557 421 2598 munere
448 2559 519 2610 suo,
544 2539 627 2617 quod
651 2539 779 2598 verbnm
797 2539 934 2600 divinum
951 2559 1073 2600 annun·

111 2658 190 2718 tiara
205 2657 268 2716 illis
285 2656 456 2736 praecepit,
480 2655 692 2734 fungerentur.
715 2655 867 2735 Injustum
885 2667 969 2730 erat,
987 2656 1071 2738 qnod

111 2776 239 2849 Clerici,
262 2795 372 2834 munos
396 2793 482 2834 snum
499 2773 582 2834 haud
604 2773 863 2847 administrantes,
886 2776 1005 2837 reditus
1023 2795 1071 2835 se-

111 2912 183 2954 vere
192 2895 366 2973 exigerent,
388 2912 451 2952 nou
469 2893 706 2972 perpendentes,
730 2891 805 2972 qnid
822 2893 881 2982 ipsi
898 2891 995 2954 Laicis
1013 2893 1068 2953 de·

110 3011 230 3072 berent.
273 3010 426 3088 Injustum
453 3021 534 3084 erat,
559 3009 680 3091 quodi
705 3010 754 3070 vel
781 3012 800 3072 5
827 3011 983 3085 homines,
1005 3030 1069 3074 nna

110 3144 181 3186 cum
199 3127 337 3205 improba
361 3127 467 3201 turba,
499 3128 749 3188 monasteriorum
775 3129 935 3189 facultates
962 3131 1068 3207 copio-

109 3245 239 3304 sissimas
266 3254 484 3304 consumerent.
535 3244 687 3321 Injustum
713 3253 797 3314 erat,
821 3243 904 3320 quod
930 3243 1069 3308 llcnachi

108 3360 227 3440 aliique
243 3359 443 3422 Ecclesiastici
459 3379 516 3440 per
533 3377 661 3439 regnum
679 3367 726 3418 tot
744 3367 890 3438 tantaque
911 3359 1067 3440 disperge·

108 3487 179 3540 rent
198 3478 231 3540 iu
250 3497 355 3557 regem
371 3478 545 3550 mendacia,
567 3477 671 3556 pronti
689 3476 723 3536 iu
749 3475 834 3536 hunc
861 3495 958 3556 nsque
984 3477 1065 3538 diam

108 3596 257 3658 obtinuit.
297 3596 375 3657 llaec
393 3606 495 3658 antam
518 3605 550 3656 ct
566 3593 740 3674 hujusmodl
758 3594 818 3656 alia
837 3596 870 3654 iu
890 3615 978 3660 causa
997 3593 1067 3655 fue·

106 3734 160 3786 re,
183 3733 239 3776 cur
255 3715 379 3776 decreta
395 3714 566 3775 Arosiensia
582 3713 664 3774 lacta
680 3711 795 3776 fuerint
812 3714 872 3786 ita,
898 3723 934 3772 nt
951 3713 999 3772 his
1016 3714 1065 3773 in-

102 3835 187 3914 justa
221 3852 362 3914 quaeque
387 3833 449 3892 sint
473 3830 642 3912 profligata.
684 3831 746 3892 Nec
781 3831 899 3910 legibus
933 3830 1065 3893 Snecicis

105 3950 183 4012 haec
200 3951 339 4026 obstant,
362 3960 399 4012 ut
416 3949 575 4032 perhibes3
597 3967 667 4008 nam
685 3965 781 4027 quum
804 3945 883 4006 illud
899 3945 1009 4010 harum
1025 3951 1066 4012 sit

105 4075 312 4156 propositum,
344 4080 382 4132 nt
405 4063 693 4154 profligeturqaod
718 4062 866 4146 injustum
892 4073 955 4144 est,
991 4085 1064 4130 oon-

909 4177 949 4246 12
