<?xml version="1.0" encoding="UTF-8"?>
<!DOCTYPE html PUBLIC "-//W3C//DTD XHTML 1.0 Transitional//EN"
    "http://www.w3.org/TR/xhtml1/DTD/xhtml1-transitional.dtd">
<html xmlns="http://www.w3.org/1999/xhtml" xml:lang="en" lang="en">
 <head>
  <title>
</title>
<meta http-equiv="Content-Type" content="text/html;charset=utf-8" />
  <meta name='ocr-system' content='tesseract 3.04.00' />
  <meta name='ocr-capabilities' content='ocr_page ocr_carea ocr_par ocr_line ocrx_word'/>
</head>
<body>
  <div class='ocr_page' id='page_1' title='image "./specimenhistorc00rmgoog_0111.png"; bbox 0 0 2668 4784; ppageno 0'>
   <div class='ocr_carea' id='block_1_1' title="bbox 663 371 823 432">
    <p class='ocr_par' dir='ltr' id='par_1_1' title="bbox 663 371 823 432">
     <span class='ocr_line' id='line_1_1' title="bbox 663 371 823 432; baseline 0 -14"><span class='ocrx_word' id='word_1_1' title='bbox 663 371 823 432; x_wconf 74' lang='grc' dir='ltr'>..ω-</span> 
     </span>
    </p>
   </div>
   <div class='ocr_carea' id='block_1_2' title="bbox 259 565 1228 2998">
    <p class='ocr_par' dir='ltr' id='par_1_2' title="bbox 259 565 1228 2998">
     <span class='ocr_line' id='line_1_2' title="bbox 271 565 1220 648; baseline 0.002 -22"><span class='ocrx_word' id='word_1_2' title='bbox 271 565 441 647; x_wconf 81' lang='lat' dir='ltr'><strong>Capitulum</strong></span> <span class='ocrx_word' id='word_1_3' title='bbox 459 566 547 647; x_wconf 80' lang='lat' dir='ltr'><strong>lips..</strong></span> <span class='ocrx_word' id='word_1_4' title='bbox 580 567 620 630; x_wconf 88' lang='lat' dir='ltr'><strong>ob</strong></span> <span class='ocrx_word' id='word_1_5' title='bbox 645 567 803 648; x_wconf 86' lang='lat' dir='ltr'><strong>opiniones</strong></span> <span class='ocrx_word' id='word_1_6' title='bbox 831 583 990 640; x_wconf 83' lang='lat' dir='ltr'><strong>erroneas,</strong></span> <span class='ocrx_word' id='word_1_7' title='bbox 1014 569 1220 628; x_wconf 70' lang='lat' dir='ltr'><strong>mmuni·</strong></span> 
     </span>
     <span class='ocr_line' id='line_1_3' title="bbox 265 681 1222 764; baseline 0 -20"><span class='ocrx_word' id='word_1_8' title='bbox 265 683 384 744; x_wconf 90' lang='lat' dir='ltr'><strong>catione</strong></span> <span class='ocrx_word' id='word_1_9' title='bbox 399 681 610 764; x_wconf 56' lang='lat' dir='ltr'><strong>pueroli).</strong></span> <span class='ocrx_word' id='word_1_10' title='bbox 657 683 736 744; x_wconf 79' lang='lat' dir='ltr'><strong>Tsns</strong></span> <span class='ocrx_word' id='word_1_11' title='bbox 761 704 835 745; x_wconf 83' lang='lat' dir='ltr'><strong>vero</strong></span> <span class='ocrx_word' id='word_1_12' title='bbox 861 686 953 747; x_wconf 84' lang='lat' dir='ltr'><strong>etiam</strong></span> <span class='ocrx_word' id='word_1_13' title='bbox 980 684 1152 745; x_wconf 77' lang='lat' dir='ltr'><strong>addendum</strong></span> <span class='ocrx_word' id='word_1_14' title='bbox 1176 686 1222 744; x_wconf 82' lang='lat' dir='ltr'><strong>vi·</strong></span> 
     </span>
     <span class='ocr_line' id='line_1_4' title="bbox 266 801 1225 882; baseline 0 -20"><span class='ocrx_word' id='word_1_15' title='bbox 266 802 374 878; x_wconf 84' lang='lat' dir='ltr'><strong>detur,</strong></span> <span class='ocrx_word' id='word_1_16' title='bbox 398 801 467 863; x_wconf 91' lang='lat' dir='ltr'><strong>ideo</strong></span> <span class='ocrx_word' id='word_1_17' title='bbox 484 802 563 862; x_wconf 78' lang='lat' dir='ltr'><strong>hono</strong></span> <span class='ocrx_word' id='word_1_18' title='bbox 579 801 921 864; x_wconf 74' lang='lat' dir='ltr'><strong>victoriamdlaoiuisse</strong></span> <span class='ocrx_word' id='word_1_19' title='bbox 930 805 1126 882; x_wconf 68' lang='lat' dir='ltr'><strong>assignatam,</strong></span> <span class='ocrx_word' id='word_1_20' title='bbox 1140 801 1225 882; x_wconf 90' lang='lat' dir='ltr'><strong>quod</strong></span> 
     </span>
     <span class='ocr_line' id='line_1_5' title="bbox 267 919 1228 1002; baseline -0.005 -19"><span class='ocrx_word' id='word_1_21' title='bbox 267 931 446 1002; x_wconf 69' lang='lat' dir='ltr'><strong>argumenta</strong></span> <span class='ocrx_word' id='word_1_22' title='bbox 472 941 509 983; x_wconf 80' lang='lat' dir='ltr'><strong>ex</strong></span> <span class='ocrx_word' id='word_1_23' title='bbox 539 923 631 984; x_wconf 91' lang='lat' dir='ltr'><strong>unico</strong></span> <span class='ocrx_word' id='word_1_24' title='bbox 649 923 678 982; x_wconf 86' lang='lat' dir='ltr'><strong>S.</strong></span> <span class='ocrx_word' id='word_1_25' title='bbox 699 923 730 982; x_wconf 83' lang='lat' dir='ltr'><strong>S.</strong></span> <span class='ocrx_word' id='word_1_26' title='bbox 757 919 844 982; x_wconf 84' lang='lat' dir='ltr'><strong>fonte</strong></span> <span class='ocrx_word' id='word_1_27' title='bbox 862 921 1015 982; x_wconf 71' lang='lat' dir='ltr'><strong>hamat.</strong></span> <span class='ocrx_word' id='word_1_28' title='bbox 1057 919 1228 980; x_wconf 81' lang='lat' dir='ltr'><strong>Praetereo</strong></span> 
     </span>
     <span class='ocr_line' id='line_1_6' title="bbox 267 1038 1226 1122; baseline -0.006 -20"><span class='ocrx_word' id='word_1_29' title='bbox 267 1049 369 1102; x_wconf 78' lang='lat' dir='ltr'><strong>tutem</strong></span> <span class='ocrx_word' id='word_1_30' title='bbox 406 1043 598 1122; x_wconf 70' lang='lat' dir='ltr'><strong>quaestiones</strong></span> <span class='ocrx_word' id='word_1_31' title='bbox 627 1039 666 1100; x_wconf 89' lang='lat' dir='ltr'><strong>de</strong></span> <span class='ocrx_word' id='word_1_32' title='bbox 692 1039 875 1120; x_wconf 69' lang='lat' dir='ltr'><strong>gravissimis</strong></span> <span class='ocrx_word' id='word_1_33' title='bbox 902 1038 1060 1100; x_wconf 84' lang='lat' dir='ltr'><strong>doctrinae</strong></span> <span class='ocrx_word' id='word_1_34' title='bbox 1085 1054 1226 1098; x_wconf 85' lang='lat' dir='ltr'><strong>romano-</strong></span> 
     </span>
     <span class='ocr_line' id='line_1_7' title="bbox 267 1153 1228 1238; baseline -0.007 -18"><span class='ocrx_word' id='word_1_35' title='bbox 267 1157 435 1220; x_wconf 81' lang='lat' dir='ltr'><strong>oatholieae</strong></span> <span class='ocrx_word' id='word_1_36' title='bbox 461 1158 598 1238; x_wconf 87' lang='lat' dir='ltr'><strong>partibus</strong></span> <span class='ocrx_word' id='word_1_37' title='bbox 627 1177 690 1219; x_wconf 90' lang='lat' dir='ltr'><strong>non</strong></span> <span class='ocrx_word' id='word_1_38' title='bbox 709 1157 872 1237; x_wconf 73' lang='lat' dir='ltr'><strong>Theoloqis</strong></span> <span class='ocrx_word' id='word_1_39' title='bbox 900 1165 1038 1230; x_wconf 84' lang='lat' dir='ltr'><strong>tantum,</strong></span> <span class='ocrx_word' id='word_1_40' title='bbox 1062 1153 1228 1218; x_wconf 76' lang='lat' dir='ltr'><strong>sedetiam</strong></span> 
     </span>
     <span class='ocr_line' id='line_1_8' title="bbox 268 1271 1227 1353; baseline -0.002 -17"><span class='ocrx_word' id='word_1_41' title='bbox 268 1277 381 1348; x_wconf 84' lang='lat' dir='ltr'><strong>cuivis,</strong></span> <span class='ocrx_word' id='word_1_42' title='bbox 415 1295 481 1336; x_wconf 89' lang='lat' dir='ltr'><strong>rem</strong></span> <span class='ocrx_word' id='word_1_43' title='bbox 508 1275 695 1348; x_wconf 83' lang='lat' dir='ltr'><strong>attendenti,</strong></span> <span class='ocrx_word' id='word_1_44' title='bbox 729 1275 946 1348; x_wconf 86' lang='lat' dir='ltr'><strong>tradebantnr;</strong></span> <span class='ocrx_word' id='word_1_45' title='bbox 978 1287 1071 1353; x_wconf 86' lang='lat' dir='ltr'><strong>quam</strong></span> <span class='ocrx_word' id='word_1_46' title='bbox 1098 1271 1227 1334; x_wconf 84' lang='lat' dir='ltr'><strong>liberem</strong></span> 
     </span>
     <span class='ocr_line' id='line_1_9' title="bbox 269 1389 1223 1472; baseline 0 -22"><span class='ocrx_word' id='word_1_47' title='bbox 269 1389 339 1450; x_wconf 82' lang='lat' dir='ltr'><strong>fidei</strong></span> <span class='ocrx_word' id='word_1_48' title='bbox 366 1390 616 1472; x_wconf 74' lang='lat' dir='ltr'><strong>inquisitionem,</strong></span> <span class='ocrx_word' id='word_1_49' title='bbox 639 1403 675 1454; x_wconf 90' lang='lat' dir='ltr'><strong>ut</strong></span> <span class='ocrx_word' id='word_1_50' title='bbox 702 1393 863 1456; x_wconf 78' lang='lat' dir='ltr'><strong>Pontifices</strong></span> <span class='ocrx_word' id='word_1_51' title='bbox 891 1409 1009 1472; x_wconf 88' lang='lat' dir='ltr'><strong>semper</strong></span> <span class='ocrx_word' id='word_1_52' title='bbox 1033 1397 1223 1462; x_wconf 82' lang='lat' dir='ltr'><strong>metuerent,</strong></span> 
     </span>
     <span class='ocr_line' id='line_1_10' title="bbox 266 1508 1225 1589; baseline -0.004 -19"><span class='ocrx_word' id='word_1_53' title='bbox 266 1511 311 1570; x_wconf 82' lang='lat' dir='ltr'><strong>ita</strong></span> <span class='ocrx_word' id='word_1_54' title='bbox 328 1509 467 1589; x_wconf 88' lang='lat' dir='ltr'><strong>inprimis</strong></span> <span class='ocrx_word' id='word_1_55' title='bbox 484 1509 518 1568; x_wconf 90' lang='lat' dir='ltr'><strong>in</strong></span> <span class='ocrx_word' id='word_1_56' title='bbox 537 1508 644 1570; x_wconf 77' lang='lat' dir='ltr'><strong>Saenia</strong></span> <span class='ocrx_word' id='word_1_57' title='bbox 661 1509 774 1571; x_wconf 87' lang='lat' dir='ltr'><strong>diserte</strong></span> <span class='ocrx_word' id='word_1_58' title='bbox 792 1519 954 1572; x_wconf 76' lang='lat' dir='ltr'><strong>vetuerant</strong></span> <span class='ocrx_word' id='word_1_59' title='bbox 972 1509 1118 1570; x_wconf 85' lang='lat' dir='ltr'><strong>ecclesiae</strong></span> <span class='ocrx_word' id='word_1_60' title='bbox 1135 1525 1225 1587; x_wconf 90' lang='lat' dir='ltr'><strong>prae-</strong></span> 
     </span>
     <span class='ocr_line' id='line_1_11' title="bbox 265 1624 1226 1698; baseline -0.002 -12"><span class='ocrx_word' id='word_1_61' title='bbox 265 1625 335 1698; x_wconf 69' lang='lat' dir='ltr'><strong>lesi,</strong></span> <span class='ocrx_word' id='word_1_62' title='bbox 371 1624 419 1686; x_wconf 91' lang='lat' dir='ltr'><strong>hia</strong></span> <span class='ocrx_word' id='word_1_63' title='bbox 445 1625 564 1685; x_wconf 86' lang='lat' dir='ltr'><strong>verbis:</strong></span> <span class='ocrx_word' id='word_1_64' title='bbox 598 1627 738 1686; x_wconf 67' lang='lat' dir='ltr'><strong>districtc</strong></span> <span class='ocrx_word' id='word_1_65' title='bbox 765 1637 797 1686; x_wconf 82' lang='lat' dir='ltr'><strong>et</strong></span> <span class='ocrx_word' id='word_1_66' title='bbox 822 1628 878 1686; x_wconf 80' lang='lat' dir='ltr'><strong>aad</strong></span> <span class='ocrx_word' id='word_1_67' title='bbox 897 1624 1226 1688; x_wconf 77' lang='lat' dir='ltr'><strong>socommsssicotiosss&#39;s</strong></span> 
     </span>
     <span class='ocr_line' id='line_1_12' title="bbox 266 1741 1224 1824; baseline -0.003 -21"><span class='ocrx_word' id='word_1_68' title='bbox 266 1743 423 1804; x_wconf 73' lang='lat' dir='ltr'><strong>sententio</strong></span> <span class='ocrx_word' id='word_1_69' title='bbox 445 1741 659 1824; x_wconf 72' lang='lat' dir='ltr'><strong>prohibemus,</strong></span> <span class='ocrx_word' id='word_1_70' title='bbox 684 1745 765 1822; x_wconf 79' lang='lat' dir='ltr'><strong>qood</strong></span> <span class='ocrx_word' id='word_1_71' title='bbox 789 1743 877 1804; x_wconf 73' lang='lat' dir='ltr'><strong>rosilo</strong></span> <span class='ocrx_word' id='word_1_72' title='bbox 905 1743 993 1823; x_wconf 75' lang='lat' dir='ltr'><strong>loyce</strong></span> <span class='ocrx_word' id='word_1_73' title='bbox 1016 1762 1152 1824; x_wconf 75' lang='lat' dir='ltr'><strong>persono</strong></span> <span class='ocrx_word' id='word_1_74' title='bbox 1171 1761 1224 1800; x_wconf 79' lang='lat' dir='ltr'><strong>oss·</strong></span> 
     </span>
     <span class='ocr_line' id='line_1_13' title="bbox 261 1858 1227 1942; baseline -0.003 -23"><span class='ocrx_word' id='word_1_75' title='bbox 261 1863 442 1942; x_wconf 77' lang='lat' dir='ltr'><strong>juscuoqsse</strong></span> <span class='ocrx_word' id='word_1_76' title='bbox 468 1859 631 1940; x_wconf 76' lang='lat' dir='ltr'><strong>dipuitats&#39;s</strong></span> <span class='ocrx_word' id='word_1_77' title='bbox 656 1870 711 1920; x_wconf 81' lang='lat' dir='ltr'><strong>ost</strong></span> <span class='ocrx_word' id='word_1_78' title='bbox 729 1870 828 1919; x_wconf 77' lang='lat' dir='ltr'><strong>status</strong></span> <span class='ocrx_word' id='word_1_79' title='bbox 847 1861 976 1932; x_wconf 70' lang='lat' dir='ltr'><strong>sedetet,</strong></span> <span class='ocrx_word' id='word_1_80' title='bbox 1000 1859 1155 1919; x_wconf 74' lang='lat' dir='ltr'><strong>masculos</strong></span> <span class='ocrx_word' id='word_1_81' title='bbox 1177 1858 1227 1918; x_wconf 83' lang='lat' dir='ltr'><strong>cel</strong></span> 
     </span>
     <span class='ocr_line' id='line_1_14' title="bbox 259 1975 1224 2058; baseline 0 -22"><span class='ocrx_word' id='word_1_82' title='bbox 259 1977 402 2057; x_wconf 82' lang='lat' dir='ltr'><strong>semisse,</strong></span> <span class='ocrx_word' id='word_1_83' title='bbox 427 1977 464 2036; x_wconf 81' lang='lat' dir='ltr'><strong>de</strong></span> <span class='ocrx_word' id='word_1_84' title='bbox 477 1977 542 2056; x_wconf 82' lang='lat' dir='ltr'><strong>fids</strong></span> <span class='ocrx_word' id='word_1_85' title='bbox 560 1996 614 2035; x_wconf 84' lang='lat' dir='ltr'><strong>sess</strong></span> <span class='ocrx_word' id='word_1_86' title='bbox 642 1975 784 2034; x_wconf 68' lang='lat' dir='ltr'><strong>articulis</strong></span> <span class='ocrx_word' id='word_1_87' title='bbox 805 1975 886 2054; x_wconf 78' lang='lat' dir='ltr'><strong>fidei</strong></span> <span class='ocrx_word' id='word_1_88' title='bbox 914 1977 1068 2058; x_wconf 81' lang='lat' dir='ltr'><strong>disputari</strong></span> <span class='ocrx_word' id='word_1_89' title='bbox 1092 1996 1224 2058; x_wconf 76' lang='lat' dir='ltr'><strong>proesu-</strong></span> 
     </span>
     <span class='ocr_line' id='line_1_15' title="bbox 266 2091 1223 2177; baseline 0.001 -21"><span class='ocrx_word' id='word_1_90' title='bbox 266 2105 331 2156; x_wconf 82' lang='lat' dir='ltr'><strong>mat</strong></span> <span class='ocrx_word' id='word_1_91' title='bbox 339 2096 464 2177; x_wconf 76' lang='lat' dir='ltr'><strong>publice</strong></span> <span class='ocrx_word' id='word_1_92' title='bbox 479 2095 528 2154; x_wconf 83' lang='lat' dir='ltr'><strong>cel</strong></span> <span class='ocrx_word' id='word_1_93' title='bbox 544 2093 659 2154; x_wconf 77' lang='lat' dir='ltr'><strong>occulto</strong></span> <span class='ocrx_word' id='word_1_94' title='bbox 678 2091 738 2172; x_wconf 68' lang='lat'><strong>(2).</strong></span> <span class='ocrx_word' id='word_1_95' title='bbox 785 2093 922 2153; x_wconf 76' lang='lat' dir='ltr'><strong>Tandem</strong></span> <span class='ocrx_word' id='word_1_96' title='bbox 940 2114 1013 2154; x_wconf 85' lang='lat' dir='ltr'><strong>vero</strong></span> <span class='ocrx_word' id='word_1_97' title='bbox 1030 2094 1106 2156; x_wconf 79' lang='lat' dir='ltr'><strong>haec</strong></span> <span class='ocrx_word' id='word_1_98' title='bbox 1120 2094 1223 2175; x_wconf 83' lang='lat' dir='ltr'><strong>dispu-</strong></span> 
     </span>
     <span class='ocr_line' id='line_1_16' title="bbox 265 2211 1220 2290; baseline 0.001 -18"><span class='ocrx_word' id='word_1_99' title='bbox 265 2213 358 2284; x_wconf 88' lang='lat' dir='ltr'><strong>tatio,</strong></span> <span class='ocrx_word' id='word_1_100' title='bbox 391 2231 494 2273; x_wconf 89' lang='lat' dir='ltr'><strong>coram</strong></span> <span class='ocrx_word' id='word_1_101' title='bbox 525 2231 636 2290; x_wconf 75' lang='lat' dir='ltr'><strong>magns</strong></span> <span class='ocrx_word' id='word_1_102' title='bbox 661 2211 817 2270; x_wconf 82' lang='lat' dir='ltr'><strong>hominurn</strong></span> <span class='ocrx_word' id='word_1_103' title='bbox 852 2229 963 2274; x_wconf 85' lang='lat' dir='ltr'><strong>corona</strong></span> <span class='ocrx_word' id='word_1_104' title='bbox 1002 2211 1126 2285; x_wconf 78' lang='lat' dir='ltr'><strong>habita.</strong></span> <span class='ocrx_word' id='word_1_105' title='bbox 1158 2233 1220 2275; x_wconf 88' lang='lat' dir='ltr'><strong>uon</strong></span> 
     </span>
     <span class='ocr_line' id='line_1_17' title="bbox 266 2327 1224 2408; baseline 0.005 -20"><span class='ocrx_word' id='word_1_106' title='bbox 266 2329 368 2408; x_wconf 88' lang='lat' dir='ltr'><strong>potuit</strong></span> <span class='ocrx_word' id='word_1_107' title='bbox 395 2347 457 2390; x_wconf 93' lang='lat' dir='ltr'><strong>non</strong></span> <span class='ocrx_word' id='word_1_108' title='bbox 483 2329 569 2388; x_wconf 82' lang='lat' dir='ltr'><strong>illam</strong></span> <span class='ocrx_word' id='word_1_109' title='bbox 594 2327 707 2388; x_wconf 85' lang='lat' dir='ltr'><strong>habere</strong></span> <span class='ocrx_word' id='word_1_110' title='bbox 725 2331 786 2388; x_wconf 87' lang='lat' dir='ltr'><strong>vim</strong></span> <span class='ocrx_word' id='word_1_111' title='bbox 803 2329 836 2389; x_wconf 93' lang='lat' dir='ltr'><strong>in</strong></span> <span class='ocrx_word' id='word_1_112' title='bbox 852 2329 1021 2392; x_wconf 85' lang='lat' dir='ltr'><strong>multorum</strong></span> <span class='ocrx_word' id='word_1_113' title='bbox 1048 2331 1224 2392; x_wconf 86' lang='lat' dir='ltr'><strong>auditorum</strong></span> 
     </span>
     <span class='ocr_line' id='line_1_18' title="bbox 265 2444 1223 2525; baseline 0.002 -17"><span class='ocrx_word' id='word_1_114' title='bbox 265 2447 396 2521; x_wconf 88' lang='lat' dir='ltr'><strong>animos,</strong></span> <span class='ocrx_word' id='word_1_115' title='bbox 419 2457 455 2508; x_wconf 89' lang='lat' dir='ltr'><strong>ut</strong></span> <span class='ocrx_word' id='word_1_116' title='bbox 472 2447 506 2506; x_wconf 92' lang='lat' dir='ltr'><strong>in</strong></span> <span class='ocrx_word' id='word_1_117' title='bbox 523 2444 582 2506; x_wconf 91' lang='lat' dir='ltr'><strong>lide</strong></span> <span class='ocrx_word' id='word_1_118' title='bbox 599 2445 727 2525; x_wconf 86' lang='lat' dir='ltr'><strong>antiqua</strong></span> <span class='ocrx_word' id='word_1_119' title='bbox 746 2447 942 2519; x_wconf 73' lang='lat' dir='ltr'><strong>vacillarent,</strong></span> <span class='ocrx_word' id='word_1_120' title='bbox 967 2448 1017 2506; x_wconf 84' lang='lat' dir='ltr'><strong>vel</strong></span> <span class='ocrx_word' id='word_1_121' title='bbox 1035 2448 1147 2509; x_wconf 79' lang='lat' dir='ltr'><strong>abillo</strong></span> <span class='ocrx_word' id='word_1_122' title='bbox 1168 2449 1223 2510; x_wconf 86' lang='lat' dir='ltr'><strong>ab·</strong></span> 
     </span>
     <span class='ocr_line' id='line_1_19' title="bbox 265 2563 1222 2644; baseline 0.001 -20"><span class='ocrx_word' id='word_1_123' title='bbox 265 2563 438 2628; x_wconf 88' lang='lat' dir='ltr'><strong>horrerent.</strong></span> <span class='ocrx_word' id='word_1_124' title='bbox 479 2566 571 2644; x_wconf 82' lang='lat' dir='ltr'><strong>Cujus</strong></span> <span class='ocrx_word' id='word_1_125' title='bbox 588 2565 634 2624; x_wconf 87' lang='lat' dir='ltr'><strong>rei</strong></span> <span class='ocrx_word' id='word_1_126' title='bbox 651 2564 710 2624; x_wconf 86' lang='lat' dir='ltr'><strong>etsi</strong></span> <span class='ocrx_word' id='word_1_127' title='bbox 726 2581 788 2626; x_wconf 86' lang='lat' dir='ltr'><strong>nou</strong></span> <span class='ocrx_word' id='word_1_128' title='bbox 816 2564 888 2626; x_wconf 77' lang='lat' dir='ltr'><strong>talia</strong></span> <span class='ocrx_word' id='word_1_129' title='bbox 905 2563 1006 2626; x_wconf 84' lang='lat' dir='ltr'><strong>afferri</strong></span> <span class='ocrx_word' id='word_1_130' title='bbox 1023 2565 1138 2643; x_wconf 87' lang='lat' dir='ltr'><strong>possint</strong></span> <span class='ocrx_word' id='word_1_131' title='bbox 1166 2585 1222 2625; x_wconf 85' lang='lat' dir='ltr'><strong>ex-</strong></span> 
     </span>
     <span class='ocr_line' id='line_1_20' title="bbox 266 2681 1225 2763; baseline 0.002 -21"><span class='ocrx_word' id='word_1_132' title='bbox 266 2683 382 2761; x_wconf 84' lang='lat' dir='ltr'><strong>empla,</strong></span> <span class='ocrx_word' id='word_1_133' title='bbox 416 2683 520 2762; x_wconf 86' lang='lat' dir='ltr'><strong>qualia</strong></span> <span class='ocrx_word' id='word_1_134' title='bbox 545 2683 759 2761; x_wconf 85' lang='lat' dir='ltr'><strong>disputationis</strong></span> <span class='ocrx_word' id='word_1_135' title='bbox 788 2682 950 2762; x_wconf 86' lang='lat' dir='ltr'><strong>Lipsiensis</strong></span> <span class='ocrx_word' id='word_1_136' title='bbox 976 2681 1101 2763; x_wconf 86' lang='lat' dir='ltr'><strong>praebet</strong></span> <span class='ocrx_word' id='word_1_137' title='bbox 1123 2681 1225 2744; x_wconf 86' lang='lat' dir='ltr'><strong>histo·</strong></span> 
     </span>
     <span class='ocr_line' id='line_1_21' title="bbox 265 2796 1223 2880; baseline 0.004 -22"><span class='ocrx_word' id='word_1_138' title='bbox 265 2798 313 2858; x_wconf 82' lang='lat' dir='ltr'><strong>rio</strong></span> <span class='ocrx_word' id='word_1_139' title='bbox 332 2796 398 2878; x_wconf 76' lang='lat'><strong>(3),</strong></span> <span class='ocrx_word' id='word_1_140' title='bbox 422 2798 472 2858; x_wconf 80' lang='lat' dir='ltr'><strong>sel</strong></span> <span class='ocrx_word' id='word_1_141' title='bbox 490 2799 533 2858; x_wconf 90' lang='lat' dir='ltr'><strong>sio</strong></span> <span class='ocrx_word' id='word_1_142' title='bbox 551 2807 651 2858; x_wconf 87' lang='lat' dir='ltr'><strong>tamen</strong></span> <span class='ocrx_word' id='word_1_143' title='bbox 669 2797 907 2876; x_wconf 88' lang='lat' dir='ltr'><strong>disputationem</strong></span> <span class='ocrx_word' id='word_1_144' title='bbox 924 2799 1125 2880; x_wconf 85' lang='lat' dir='ltr'><strong>Upsaliensem</strong></span> <span class='ocrx_word' id='word_1_145' title='bbox 1141 2801 1223 2862; x_wconf 83' lang='lat' dir='ltr'><strong>rnul-</strong></span> 
     </span>
     <span class='ocr_line' id='line_1_22' title="bbox 266 2915 1224 2998; baseline 0.004 -22"><span class='ocrx_word' id='word_1_146' title='bbox 266 2926 368 2976; x_wconf 87' lang='lat' dir='ltr'><strong>torum</strong></span> <span class='ocrx_word' id='word_1_147' title='bbox 401 2916 509 2976; x_wconf 86' lang='lat' dir='ltr'><strong>saltem</strong></span> <span class='ocrx_word' id='word_1_148' title='bbox 534 2915 622 2994; x_wconf 65' lang='lat' dir='ltr'><strong>regni</strong></span> <span class='ocrx_word' id='word_1_149' title='bbox 652 2923 827 2976; x_wconf 87' lang='lat' dir='ltr'><strong>senatorum</strong></span> <span class='ocrx_word' id='word_1_150' title='bbox 861 2915 977 2978; x_wconf 81' lang='lat' dir='ltr'><strong>animos</strong></span> <span class='ocrx_word' id='word_1_151' title='bbox 1014 2919 1224 2998; x_wconf 72' lang='lat' dir='ltr'><strong>propensiores</strong></span> 
     </span>
    </p>
   </div>
   <div class='ocr_carea' id='block_1_3' title="bbox 265 3029 1225 3118">
    <p class='ocr_par' dir='ltr' id='par_1_3' title="bbox 265 3029 1225 3118">
     <span class='ocr_line' id='line_1_23' title="bbox 265 3029 1225 3118; baseline 0.008 -28"><span class='ocrx_word' id='word_1_152' title='bbox 265 3030 430 3091; x_wconf 83' lang='lat' dir='ltr'><strong>reddidisse</strong></span> <span class='ocrx_word' id='word_1_153' title='bbox 460 3031 498 3090; x_wconf 89' lang='lat' dir='ltr'><strong>ad</strong></span> <span class='ocrx_word' id='word_1_154' title='bbox 522 3029 724 3104; x_wconf 86' lang='lat' dir='ltr'><strong>emendanda,</strong></span> <span class='ocrx_word' id='word_1_155' title='bbox 757 3049 836 3110; x_wconf 89' lang='lat' dir='ltr'><strong>quae</strong></span> <span class='ocrx_word' id='word_1_156' title='bbox 864 3033 976 3092; x_wconf 90' lang='lat' dir='ltr'><strong>sensim</strong></span> <span class='ocrx_word' id='word_1_157' title='bbox 1018 3037 1225 3118; x_wconf 84' lang='lat' dir='ltr'><strong>paulatimque</strong></span> 
     </span>
    </p>
   </div>
   <div class='ocr_carea' id='block_1_4' title="bbox 264 3146 1223 3815">
    <p class='ocr_par' dir='ltr' id='par_1_4' title="bbox 264 3146 1223 3815">
     <span class='ocr_line' id='line_1_24' title="bbox 265 3146 1223 3228; baseline -0.006 -18"><span class='ocrx_word' id='word_1_158' title='bbox 265 3148 388 3210; x_wconf 81' lang='lat' dir='ltr'><strong>luerent</strong></span> <span class='ocrx_word' id='word_1_159' title='bbox 406 3147 581 3228; x_wconf 77' lang='lat' dir='ltr'><strong>depravata,</strong></span> <span class='ocrx_word' id='word_1_160' title='bbox 605 3148 685 3208; x_wconf 90' lang='lat' dir='ltr'><strong>hanc</strong></span> <span class='ocrx_word' id='word_1_161' title='bbox 700 3146 739 3206; x_wconf 92' lang='lat' dir='ltr'><strong>ob</strong></span> <span class='ocrx_word' id='word_1_162' title='bbox 754 3165 872 3208; x_wconf 78' lang='lat' dir='ltr'><strong>causam</strong></span> <span class='ocrx_word' id='word_1_163' title='bbox 890 3152 1150 3228; x_wconf 78' lang='lat' dir='ltr'><strong>persuasissimum</strong></span> <span class='ocrx_word' id='word_1_164' title='bbox 1168 3175 1223 3218; x_wconf 91' lang='lat' dir='ltr'><strong>no·</strong></span> 
     </span>
     <span class='ocr_line' id='line_1_25' title="bbox 264 3265 1223 3347; baseline 0.004 -18"><span class='ocrx_word' id='word_1_165' title='bbox 264 3267 311 3330; x_wconf 75' lang='lat' dir='ltr'><strong>hia&#39;</strong></span> <span class='ocrx_word' id='word_1_166' title='bbox 330 3285 394 3328; x_wconf 83' lang='lat' dir='ltr'><strong>esse</strong></span> <span class='ocrx_word' id='word_1_167' title='bbox 411 3276 527 3347; x_wconf 90' lang='lat' dir='ltr'><strong>potest,</strong></span> <span class='ocrx_word' id='word_1_168' title='bbox 552 3265 651 3346; x_wconf 89' lang='lat' dir='ltr'><strong>quod,</strong></span> <span class='ocrx_word' id='word_1_169' title='bbox 675 3265 761 3326; x_wconf 85' lang='lat' dir='ltr'><strong>brevi</strong></span> <span class='ocrx_word' id='word_1_170' title='bbox 780 3274 865 3347; x_wconf 85' lang='lat' dir='ltr'><strong>post,</strong></span> <span class='ocrx_word' id='word_1_171' title='bbox 889 3267 922 3326; x_wconf 90' lang='lat' dir='ltr'><strong>in</strong></span> <span class='ocrx_word' id='word_1_172' title='bbox 949 3270 1080 3332; x_wconf 86' lang='lat' dir='ltr'><strong>comitiis</strong></span> <span class='ocrx_word' id='word_1_173' title='bbox 1108 3273 1223 3334; x_wconf 89' lang='lat' dir='ltr'><strong>liolmi-</strong></span> 
     </span>
     <span class='ocr_line' id='line_1_26' title="bbox 264 3383 1222 3459; baseline -0.001 -11"><span class='ocrx_word' id='word_1_174' title='bbox 264 3389 402 3459; x_wconf 82' lang='lat' dir='ltr'><strong>ensibus‚</strong></span> <span class='ocrx_word' id='word_1_175' title='bbox 428 3403 490 3448; x_wconf 91' lang='lat' dir='ltr'><strong>non</strong></span> <span class='ocrx_word' id='word_1_176' title='bbox 508 3395 626 3446; x_wconf 89' lang='lat' dir='ltr'><strong>tantum</strong></span> <span class='ocrx_word' id='word_1_177' title='bbox 644 3383 854 3459; x_wconf 84' lang='lat' dir='ltr'><strong>decreverint,</strong></span> <span class='ocrx_word' id='word_1_178' title='bbox 878 3385 989 3448; x_wconf 86' lang='lat' dir='ltr'><strong>milites</strong></span> <span class='ocrx_word' id='word_1_179' title='bbox 1017 3388 1050 3448; x_wconf 91' lang='lat' dir='ltr'><strong>in</strong></span> <span class='ocrx_word' id='word_1_180' title='bbox 1064 3401 1222 3452; x_wconf 80' lang='lat' dir='ltr'><strong>,monaste-</strong></span> 
     </span>
     <span class='ocr_line' id='line_1_27' title="bbox 265 3503 1222 3578; baseline -0.001 -10"><span class='ocrx_word' id='word_1_181' title='bbox 265 3507 319 3568; x_wconf 86' lang='lat' dir='ltr'><strong>riis</strong></span> <span class='ocrx_word' id='word_1_182' title='bbox 345 3504 537 3568; x_wconf 83' lang='lat' dir='ltr'><strong>collocandos</strong></span> <span class='ocrx_word' id='word_1_183' title='bbox 565 3522 648 3578; x_wconf 87' lang='lat' dir='ltr'><strong>esse;</strong></span> <span class='ocrx_word' id='word_1_184' title='bbox 682 3503 735 3562; x_wconf 92' lang='lat' dir='ltr'><strong>sed</strong></span> <span class='ocrx_word' id='word_1_185' title='bbox 762 3503 855 3560; x_wconf 84' lang='lat' dir='ltr'><strong>etiam</strong></span> <span class='ocrx_word' id='word_1_186' title='bbox 878 3504 1050 3578; x_wconf 87' lang='lat' dir='ltr'><strong>voluerint,</strong></span> <span class='ocrx_word' id='word_1_187' title='bbox 1076 3517 1111 3568; x_wconf 87' lang='lat' dir='ltr'><strong>ut</strong></span> <span class='ocrx_word' id='word_1_188' title='bbox 1132 3509 1222 3567; x_wconf 85' lang='lat' dir='ltr'><strong>unius</strong></span> 
     </span>
     <span class='ocr_line' id='line_1_28' title="bbox 266 3615 1222 3686; baseline 0.003 -3"><span class='ocrx_word' id='word_1_189' title='bbox 266 3625 339 3683; x_wconf 81' lang='lat' dir='ltr'><strong>anni</strong></span> <span class='ocrx_word' id='word_1_190' title='bbox 357 3622 490 3682; x_wconf 81' lang='lat' dir='ltr'><strong>decimae</strong></span> <span class='ocrx_word' id='word_1_191' title='bbox 508 3619 728 3680; x_wconf 81' lang='lat' dir='ltr'><strong>ecclesiasticae</strong></span> <span class='ocrx_word' id='word_1_192' title='bbox 745 3615 966 3680; x_wconf 77' lang='lat' dir='ltr'><strong>adhiberentur</strong></span> <span class='ocrx_word' id='word_1_193' title='bbox 991 3620 1030 3682; x_wconf 79' lang='lat' dir='ltr'><strong>ad</strong></span> <span class='ocrx_word' id='word_1_194' title='bbox 1059 3623 1222 3686; x_wconf 81' lang='lat' dir='ltr'><strong>sublevan-</strong></span> 
     </span>
     <span class='ocr_line' id='line_1_29' title="bbox 264 3734 695 3815; baseline 0.002 -19"><span class='ocrx_word' id='word_1_195' title='bbox 264 3737 337 3797; x_wconf 87' lang='lat' dir='ltr'><strong>dum</strong></span> <span class='ocrx_word' id='word_1_196' title='bbox 357 3738 508 3800; x_wconf 75' lang='lat' dir='ltr'><strong>aerarium</strong></span> <span class='ocrx_word' id='word_1_197' title='bbox 527 3734 695 3815; x_wconf 84' lang='lat' dir='ltr'><strong>publicum.</strong></span> 
     </span>
    </p>
   </div>
   <div class='ocr_carea' id='block_1_5' title="bbox 295 3929 902 4182">
    <p class='ocr_par' dir='ltr' id='par_1_5' title="bbox 295 3929 902 4182">
     <span class='ocr_line' id='line_1_30' title="bbox 295 3929 732 4003; baseline -0.018 -17"><span class='ocrx_word' id='word_1_198' title='bbox 295 3933 336 4003; x_wconf 87' lang='lat'><strong>(1)</strong></span> <span class='ocrx_word' id='word_1_199' title='bbox 355 3931 544 3994; x_wconf 71' lang='lat' dir='ltr'><strong>linimen,</strong></span> <span class='ocrx_word' id='word_1_200' title='bbox 566 3931 586 3981; x_wconf 88' lang='lat' dir='ltr'><strong>l.</strong></span> <span class='ocrx_word' id='word_1_201' title='bbox 603 3943 628 3980; x_wconf 85' lang='lat' dir='ltr'><strong>c·</strong></span> <span class='ocrx_word' id='word_1_202' title='bbox 645 3929 732 3994; x_wconf 64' lang='grc' dir='ltr'><strong>ΜΒ.</strong></span> 
     </span>
     <span class='ocr_line' id='line_1_31' title="bbox 297 4014 902 4091; baseline -0.017 -15"><span class='ocrx_word' id='word_1_203' title='bbox 297 4021 336 4091; x_wconf 78' lang='lat'><strong>(2)</strong></span> <span class='ocrx_word' id='word_1_204' title='bbox 356 4015 645 4086; x_wconf 66' lang='lat' dir='ltr'><strong>linger-lsaiagl&#39;⁴</strong></span> <span class='ocrx_word' id='word_1_205' title='bbox 663 4014 729 4080; x_wconf 90' lang='grc' dir='ltr'><strong>ΙΙΙ,</strong></span> <span class='ocrx_word' id='word_1_206' title='bbox 748 4033 773 4071; x_wconf 86' lang='lat' dir='ltr'><strong>o.</strong></span> <span class='ocrx_word' id='word_1_207' title='bbox 788 4019 825 4083; x_wconf 78' lang='grc'><strong>4,</strong></span> <span class='ocrx_word' id='word_1_208' title='bbox 841 4023 859 4088; x_wconf 80' lang='lat'><em>§</em></span> <span class='ocrx_word' id='word_1_209' title='bbox 874 4017 902 4070; x_wconf 81' lang='lat'><strong>5.</strong></span> 
     </span>
     <span class='ocr_line' id='line_1_32' title="bbox 295 4104 893 4182; baseline -0.01 -20"><span class='ocrx_word' id='word_1_210' title='bbox 295 4109 335 4182; x_wconf 72' lang='grc' dir='ltr'><strong>(ὅ)</strong></span> <span class='ocrx_word' id='word_1_211' title='bbox 352 4106 468 4162; x_wconf 78' lang='lat' dir='ltr'><strong>Morio</strong></span> <span class='ocrx_word' id='word_1_212' title='bbox 485 4104 708 4173; x_wconf 78' lang='lat' dir='ltr'><strong>‹l’Aubignd‚</strong></span> <span class='ocrx_word' id='word_1_213' title='bbox 727 4105 746 4158; x_wconf 92' lang='grc' dir='ltr'><strong>Ι.</strong></span> <span class='ocrx_word' id='word_1_214' title='bbox 763 4124 787 4162; x_wconf 87' lang='lat' dir='ltr'><strong>c.</strong></span> <span class='ocrx_word' id='word_1_215' title='bbox 806 4126 835 4178; x_wconf 85' lang='lat' dir='ltr'><strong>p.</strong></span> <span class='ocrx_word' id='word_1_216' title='bbox 852 4106 893 4176; x_wconf 81' lang='lat'><strong>75.</strong></span> 
     </span>
    </p>
   </div>
   <div class='ocr_carea' id='block_1_6' title="bbox 0 0 1338 4784">
    <p class='ocr_par' dir='ltr' id='par_1_6' title="bbox 0 0 1338 4784">
     <span class='ocr_line' id='line_1_33' title="bbox 0 0 1338 4784; baseline 0 0"><span class='ocrx_word' id='word_1_217' title='bbox 0 0 1338 4784; x_wconf 95' lang='lat' dir='ltr'><strong> </strong></span> 
     </span>
    </p>
   </div>
  </div>
 </body>
</html>
