2668 4784
640 371 801 432 ..ω-

245 581 314 641 ceps
330 575 522 638 progressus,
546 552 711 617 canonicos
728 555 912 636 Upsalienses
929 577 965 619 eo
983 557 1140 632 evocavit,
1163 558 1200 618 il·

245 677 344 756 lisque
370 675 537 757 persuasit,
569 685 605 734 ut
641 649 954 758 Archi-Episcopum¹
976 677 1129 758 eligerent
1149 677 1200 738 lo-

243 795 376 856 hennem
396 793 435 854 ll.
457 839 465 867 ,
489 793 642 854 Pontificis
661 793 787 854 llomeni
804 793 864 856 hoc
888 805 1025 876 tempore
1044 795 1082 856 ad
1097 796 1203 855 Succos

241 912 387 992 legatum.
430 912 513 985 Quae
529 929 600 971 sene
618 909 728 972 electio
744 931 865 992 prorsus
883 911 1043 974 differebat
1068 911 1105 974 ab
1121 912 1201 972 eleo·

243 1033 336 1092 tionis
351 1029 457 1104 modo,
476 1032 530 1110 qui
549 1029 648 1091 adhue
666 1031 699 1089 in
718 1031 824 1090 Suecia
842 1030 1029 1091 obtinuerat.
1052 1031 1116 1090 Etsi
1124 1029 1201 1089 enim

244 1151 352 1230 primis
361 1147 528 1228 Religionis
539 1147 767 1209 Christianaein
780 1149 886 1209 suecia
900 1160 1043 1230 receptae
1057 1147 1202 1228 tempori·

242 1269 316 1341 bus,
339 1267 478 1349 Episcopi
499 1269 686 1349 eligerentur
704 1289 721 1328 a
739 1268 879 1347 regibus,
912 1269 1126 1329 consentiente
1149 1285 1202 1346 po·

243 1383 394 1467 puloll),
418 1389 527 1447 sennim
546 1397 647 1449 temen
661 1387 847 1468 sensimque,
871 1388 918 1446 uti
936 1387 1027 1460 alibi,
1052 1388 1098 1446 sie
1113 1386 1202 1445 etiam

241 1503 276 1561 in
305 1502 429 1574 Suecia,
462 1503 551 1562 aliam
577 1503 724 1564 inducere
750 1506 901 1564 rationem
927 1504 1090 1564 Pontifices
1118 1505 1200 1564 Rom.

241 1620 344 1679 eonati
365 1617 461 1679 luere.
494 1621 580 1694 Quod
599 1631 724 1701 apparet
741 1640 779 1680 ex
799 1623 973 1682 Innocentii
992 1621 1044 1682 ΙΙΙ
1062 1621 1150 1681 bulla
1167 1619 1203 1680 ad

242 1735 406 1812 Andream,
431 1735 732 1818 Archi-episcopum
751 1737 957 1810 Lundensem,
981 1738 1056 1800 deta
1074 1735 1199 1819 (1207),

240 1875 302 1936 qua
318 1855 473 1916 Valerium
500 1855 594 1915 dicit:
613 1875 778 1936 personam
793 1856 868 1913 eatis
896 1855 1039 1915 idoneam
1061 1867 1091 1916 et
1119 1855 1202 1915 Cleri

240 1972 405 2045 electione,
431 1973 525 2052 Regia
545 1991 695 2032 consensa
714 1981 744 2030 et
757 1971 866 2052 papali
878 1974 1032 2052 petitione
1053 1985 1198 2035 coactam.

239 2088 387 2171 Deinceps
402 2109 474 2150 vero
491 2091 572 2169 regis
587 2109 763 2149 consensum
774 2098 804 2149 et
813 2089 918 2169 populi
928 2091 1109 2168 petitionem
1120 2087 1201 2150 haud

240 2225 304 2266 esse
323 2207 512 2285 agnoscende
528 2209 636 2266 statuit
656 2207 853 2267 Innocentius
870 2205 911 2265 lv
931 2205 989 2288 (2).
1033 2205 1129 2266 Lecta
1144 2225 1200 2264 aa·

239 2323 287 2382 bis
305 2343 343 2381 aa
358 2332 447 2404 porte
470 2321 699 2381 Venerabilium
706 2325 849 2400 fratrum
867 2335 1059 2398 nostrorum,
1084 2323 1200 2384 Archi·

241 2441 386 2524 Episcopi
400 2440 468 2521 lips.
480 2449 511 2498 et
526 2438 789 2520 saffrapaaeomm
797 2483 805 2512 ,
820 2449 850 2496 ot
868 2439 1047 2499 dilectorum
1058 2440 1201 2519 filioram

239 2559 331 2618 totius
343 2558 434 2639 νομί
450 2557 561 2618 Saecie
582 2556 666 2616 Cleri
680 2555 796 2636 peticio
813 2555 1009 2628 continebam
1032 2558 1112 2635 qaod
1128 2577 1200 2616 eam

240 2678 356 2735 dadam
382 2676 420 2733 in
438 2694 534 2755 ννμο
554 2674 660 2734 Saetie
678 2674 807 2752 qaedam
827 2673 1029 2746 consuetudo,
1052 2693 1109 2752 qao
1130 2693 1199 2734 cor·

242 2793 362 2875 raptela
380 2791 512 2850 dicenda
531 2801 577 2849 est
594 2791 700 2849 ocriae
717 2792 864 2864 inolevit,
878 2792 1024 2851 videlieet
1040 2803 1076 2850 at
1093 2792 1199 2852 ootlre-

240 2911 378 2970 dralilae
398 2909 547 2970 Eooleaiis
567 2909 668 2986 ipsius
698 2908 789 2987 regni
807 2928 870 2979 poa
894 2909 1120 2988 preficereatar
1139 2909 1199 2968 oli-

240 3019 309 3108 qui,
335 3026 400 3083 aiei
419 3045 492 3103 quos
509 3025 547 3081 ia
565 3025 609 3082 eir
628 3023 773 3096 institui,
798 3024 847 3082 cel
864 3024 992 3082 destitui
1015 3025 1125 3105 pocius
1140 3043 1200 3108 par

239 3136 393 3203 saculares
416 3140 577 3222 potestatis
603 3139 794 3220 potenciam,
819 3139 913 3219 Regis
940 3141 1058 3200 scilieet
1086 3152 1117 3200 et
1134 3143 1198 3202 Ba-

242 3253 353 3322 ro'mrm
379 3279 436 3318 neo
461 3278 525 3318 aaa
543 3269 573 3318 et
591 3259 632 3318 ad
657 3258 817 3318 clamorem
848 3257 1065 3318 tumultuantis
1090 3259 1198 3340 populi

243 3378 334 3459 regni
347 3376 500 3458 predicti,
524 3389 630 3437 eontra
644 3397 803 3437 sacrorum
817 3387 933 3436 statuta
950 3397 1104 3438 canonum
1122 3397 1197 3437 aaa·

242 3495 395 3575 tingebat,
433 3489 625 3555 Venerabilis
636 3498 744 3575 frater
770 3505 875 3553 noster
900 3493 1082 3553 Selinousia
1101 3475 1195 3575 Epis-¹

238 3631 348 3693 copae,
372 3623 447 3672 tanc
466 3612 503 3670 ia
516 3613 658 3692 partibas
676 3612 739 3670 illis
756 3610 945 3690 Apostolieae
959 3611 1040 3670 sedis
1059 3608 1192 3690 legatur,

240 3738 304 3786 ‘tam
322 3729 499 3790 detestande
513 3728 740 3812 presamcionis
759 3725 887 3785 abactam
911 3728 1081 3808 diligenter
1091 3741 1194 3789 attan-

249 3877 512 3896 q-——uu—-u

276 3950 314 4019 (ι)
333 3947 659 4030 Legerbring,l.c.
678 3945 780 4009 '1'.11,
802 3963 824 3997 c.
845 3949 932 4014 10,§
952 3943 976 3997 3.

265 4037 317 4106 la)
336 4035 427 4099 Bulla,
456 4036 489 4087 nd
516 4039 599 4090 Archi
609 4066 624 4080 ·
635 4035 723 4104 Epiro.
745 4033 913 4086 Luniensem
929 4033 1006 4100 date,
1027 4043 1108 4090 exstat
1124 4037 1192 4105 apud

239 4125 399 4192 uenter,
418 4125 573 4194 Magazia.
598 4125 630 4179 '1¹⁴
647 4122 681 4192 l,
700 4125 729 4180 1².
747 4123 795 4190 11,
814 4143 839 4195 p.
860 4127 918 4196 198.
