2690 4790
675 1410 800 1502 L·-

723 1713 748 1772 1.

330 1803 508 1923 lnatitntio,
540 1871 603 1932 qua
620 1855 777 1916 omarus
817 1863 973 1925 nearest,
1000 1853 1139 1931 apprime
1162 1861 1226 1910 'ao-

260 1965 447 2030 commodate
462 1979 529 2030 erat
545 1970 585 2032 ad
600 1969 826 2031 informandam
839 1971 980 2030 iutnmm
997 1987 1102 2030 rernm
1114 1987 1226 2028 rama·-

260 2101 328 2144 rnm
346 2085 379 2146 in
398 2086 506 2150 Saenia
522 2089 764 2151 instauratorem.
1110 2085 1111 2088 ’

719 2207 762 2267 ΙΙ.

302 2319 429 2381 Gnatavi
455 2323 489 2381 in
515 2340 552 2382 eo
579 2323 729 2384 laudanda
746 2332 792 2383 est
809 2323 989 2404 prudentia,
1014 2323 1097 2404 qnod
1111 2322 1221 2384 volne-

264 2439 325 2512 rit‚
348 2449 385 2500 nt
409 2441 541 2520 purioris
566 2441 723 2502 doetrinae
749 2441 888 2502 doctores
912 2441 1113 2514 Christianos,
1137 2441 1225 2502 s'eons

263 2559 447 2633 mutientes,
470 2561 603 2640 primum
619 2561 681 2621 rite
696 2561 910 2634 instituerent,
935 2559 1128 2620 tamdemnm
1145 2561 1226 2620 ritus

268 2677 410 2756 antiquos
427 2676 593 2738 abolerent.
635 2677 673 2737 lit
698 2677 756 2738 hoo
774 2678 897 2758 quidem
914 2687 1000 2756 parte
1019 2679 1117 2738 nostri
1132 2679 1228 2737 etiam

267 2795 336 2854 aevi
353 2793 525 2854 hominibus
542 2793 681 2873 exemplo
700 2815 764 2855 esse
790 2806 906 2876 potest,
930 2805 965 2856 ut
983 2796 1035 2870 hi,
1060 2798 1086 2857 si
1102 2795 1177 2876 qnid
1191 2799 1230 2858 in

266 2909 401 2972 Ecclesia
418 2909 638 2972 emendandum
656 2929 720 2969 eaeo
736 2910 810 2990 ipsis
825 2930 1000 2991 persuasum
1016 2913 1073 2986 ait,
1095 2915 1230 2994 primum

269 3024 470 3098 Christianos,
494 3027 575 3104 apud
592 3047 667 3105 quoa
693 3028 864 3088 antistitum
891 3048 1018 3090 munem
1033 3030 1227 3110 iunguntur,

267 3139 394 3202 meliora
420 3137 566 3212 doceant,
598 3139 740 3219 deinceps
770 3159 860 3215 vero,
893 3146 977 3224 quod
1008 3147 1229 3212 emendandum

164 3289 167 3294 ¹
265 3258 442 3333 videbatur,
463 3255 635 3319 emendent.

715 3376 774 3438 111.

309 3497 459 3555 Gustavus
494 3512 556 3554 non
594 3501 713 3553 tantum
745 3513 849 3555 rernm
884 3515 1037 3558 sacrarum
1058 3502 1092 3560 in
1119 3501 1227 3563 Saenia

265 3611 511 3674 emendationem
529 3609 685 3689 adjuvasse
706 3609 870 3686 dicendus,
894 3613 947 3673 sed
966 3615 1040 3693 jure
1062 3617 1225 3698 Reform.

260 3732 343 3791 toria
361 3731 484 3790 nomine
501 3727 699 3790 celebrandus
716 3738 772 3789 est.

714 3845 770 3923 Π.

309 3963 372 4024 Etsi
390 3966 528 4025 doctrina
547 3963 730 4036 Christiana,
752 3983 830 4026 eaeo.
852 3964 968 4025 lx-xl
986 3965 1019 4024 in
1033 3962 1142 4026 Sueoia
1168 3986 1225 4027 an-

270 4081 425 4153 nuntiata,
438 4082 610 4160 longissime
626 4079 742 4142 abesset
759 4097 776 4139 a
793 4081 922 4159 pristina
939 4099 992 4142 sua
1008 4083 1219 4164 simplicitate,
