2668 4784
648 359 809 418 ...ΒΙ-

243 546 449 617 confirmaret,
473 555 521 618 et,
545 544 752 608 conditionem
770 545 895 606 Sueoiae
926 545 1071 607 miserum
1098 554 1195 607 etten-

241 663 331 735 dens,
365 663 551 742 ignosceret,
584 663 667 743 quod
694 663 801 738 solita,
843 685 902 744 pro
927 665 1024 746 pallio
1053 663 1201 745 pecuniae

242 799 358 840 summe
375 799 436 840 non
455 781 645 842 solveretur’'
668 778 727 864 (Ι).
770 780 872 861 Eque
889 783 1020 862 epistole
1042 792 1078 842 ut
1111 801 1203 862 eppa·

242 907 308 970 ret,
332 899 496 958 Gustevum
513 917 575 958 non
592 898 758 978 derepente
776 899 983 976 obedientiae,
1005 903 1095 964 Pout.
1114 900 1201 960 Rom.

242 1013 453 1094 praestandae,
477 1018 683 1090 renuntiasse,
707 1019 752 1079 ite
760 1037 798 1078 ex
806 1017 910 1078 eedem
918 1028 1004 1097 petet
1013 1018 1125 1090 etiam,
1144 1015 1204 1074 hoe

240 1151 434 1214 nequaquam
451 1152 488 1194 eo
504 1133 650 1207 vetuisse,
674 1143 710 1194 ut
731 1136 789 1216 ipsi
815 1137 852 1196 iis
877 1136 911 1194 in
929 1135 1023 1196 rebus
1044 1133 1204 1210 obtempe-

242 1261 343 1324 raret,
367 1273 446 1332 quse
463 1254 579 1332 petriae
596 1252 688 1314 saluti
706 1272 770 1313 non
789 1253 997 1315 convenirent.
1033 1251 1125 1327 Quod
1143 1251 1204 1328 pri·

243 1388 327 1426 mum
345 1368 469 1448 quidem
489 1371 656 1448 prudenter
678 1370 777 1448 pelam
804 1370 898 1447 ieoit3
930 1391 1038 1431 verum
1065 1369 1206 1445 deinceps

244 1484 356 1546 diserte
373 1487 558 1562 declaravit,
582 1507 679 1568 quum
696 1487 847 1548 Adrianus
874 1487 934 1562 vt,
959 1489 1014 1567 qui
1041 1485 1103 1546 hoo
1132 1495 1207 1544 tem·

244 1621 318 1680 pore
336 1602 436 1662 sedem
454 1604 592 1682 papalem
613 1605 730 1678 tenuit,
754 1606 853 1683 ipsum
876 1605 1034 1682 junsisset,
1060 1601 1208 1664 Trollium

245 1723 278 1780 in
297 1721 477 1800 dignitatem
496 1721 669 1802 restituere.
698 1720 775 1782 Tum
793 1721 875 1782 enim
893 1739 957 1781 non
973 1719 1111 1780 obedivit
1130 1717 1207 1778 Gus-

246 1851 343 1900 tevus.
365 1838 530 1918 Respondit
547 1838 644 1900 adeo:
668 1866 681 1893 ι
697 1836 778 1896 idem
797 1856 829 1897 se
846 1837 906 1898 hoe
922 1837 1035 1914 ducere
1052 1837 1114 1898 nesi
1128 1835 1209 1896 Pon-

248 1958 324 2018 tifex
343 1959 493 2020 Romanus
507 1957 646 2038 jussisset
662 1955 701 2014 de
718 1973 798 2015 novo
815 1971 920 2034 paoem
938 1973 1099 2032 rumpere,
1118 1969 1211 2033 quem

247 2087 281 2138 et
298 2076 433 2138 Eeelesie
450 2086 482 2136 et
505 2077 603 2154 patria
620 2080 803 2156 gravissimis
829 2078 938 2157 pugnis
965 2077 1023 2136 sihi
1051 2087 1210 2150 compere-

250 2203 369 2254 verent.
420 2194 526 2272 Magna
548 2196 672 2274 quidem
699 2219 731 2258 se
758 2217 830 2277 erge
856 2195 1032 2258 Pontificem
1057 2190 1213 2281 imbutum
1321 2235 1322 2250 i

252 2329 315 2371 este
341 2311 535 2370 reverentia''
568 2311 745 2386 affirmavit,
775 2343 788 2370 ι
804 2333 911 2373 verum
937 2303 1054 2390 potuine
1081 2307 1212 2368 salutem

252 2430 296 2490 ite
314 2429 399 2490 oordi
409 2429 466 2508 ipsi
485 2430 589 2504 esse‚”
613 2428 745 2502 addidit,
765 2457 776 2484 ι
794 2439 830 2490 ut
847 2446 950 2490 omnes
967 2426 1130 2487 intendere
1145 2420 1211 2482 vel-

254 2545 300 2608 let
318 2548 398 2610 vires
416 2549 454 2608 ed
481 2549 674 2610 avertendam
700 2548 882 2628 perniciem,
915 2563 1006 2624 quem
1035 2541 1215 2601 etiamnunc

253 2663 457 2726 meditabatur
478 2669 626 2728 Gustnvus
647 2668 770 2728 Trulle''
795 2664 854 2746 (2).
896 2662 1000 2742 Pugna
1026 2678 1097 2720 sane
1113 2655 1216 2736 primo

255 2781 367 2842 obtutu
401 2781 482 2839 inter
519 2792 682 2861 utramque
714 2782 873 2860 epistolam
909 2781 1048 2840 obtinere
1081 2774 1216 2836 videtur.

257 2898 369 2973 Quodsi
387 2907 489 2958 eutem
515 2919 580 2958 rem
604 2900 775 2959 eeouratius
793 2896 999 2969 attendamus,
1024 2895 1149 2974 egregie
1167 2892 1215 2950 in-

258 3025 355 3078 terso
372 3017 576 3074 consentiunt.
599 3016 748 3074 Nimirum
769 3016 917 3076 Gustevus
934 3014 1064 3092 patriam
1082 3032 1099 3072 e
1118 3011 1217 3071 liono-

261 3152 330 3194 rum
347 3139 497 3211 potestate
516 3130 670 3209 eripuerat
689 3142 720 3192 et
735 3129 925 3192 fortitudinis
936 3133 1103 3211 praemium
1113 3149 1218 3210 repor-

264 3259 396 3320 taverat,
420 3257 456 3308 ut
475 3249 599 3310 Sueeiae
616 3269 671 3310 rex
693 3257 859 3310 crearetur.
902 3248 950 3308 Ad
967 3248 1027 3310 hoe
1050 3269 1123 3311 vero
1144 3259 1219 3310 tem·

263 3389 320 3450 pus
339 3368 535 3430 Aristooretis
552 3368 585 3426 in
604 3368 712 3429 Sueeie
728 3369 878 3448 viguerat.
908 3366 1013 3429 Eleoto
1026 3377 1128 3430 autem
1145 3368 1218 3428 Gus-

265 3495 351 3558 tnvo,
376 3485 548 3546 Monarchie
566 3485 721 3546 condenda
741 3494 838 3564 erant.
881 3484 994 3546 Verruu
1016 3482 1220 3564 eristoorntiea

266 3605 367 3665 studia
384 3603 519 3664 nondum
538 3613 625 3664 eront
643 3603 802 3662 exstineto.
831 3601 927 3682 'Quin
944 3603 1005 3662 imo
1018 3601 1091 3678 jure
1109 3612 1140 3662 et
1157 3601 1219 3682 pri·

266 3721 378 3801 vilegie
395 3723 522 3800 antiqua
540 3719 688 3796 ejusmodi
706 3727 811 3790 erant,
835 3727 871 3778 ut
888 3717 1092 3780 Monarchiem
1110 3719 1219 3782 conde·

258 3871 524 3890 *uu-

304 3939 343 4006 (1)
362 3935 631 3998 Strinnholm,l.
649 3953 674 3985 c·
698 3935 732 3988 Τ.
758 3935 809 4003 ΙΙ,
835 3956 862 4006 p.
878 3937 940 3990 408.
973 3933 1092 4007 Rdht,
1113 3935 1221 3994 i·e.'l'.

270 4023 337 4089 ΙΙΙ,
356 4024 388 4076 L·
409 4024 470 4089 xi,
491 4030 507 4094 ᾗ
527 4024 586 4077 nri.

302 4110 683 4188 (2)Strinnhorm,t.e.
720 4111 907 4180 fidimus,
