2668 4784
691 400 854 460 ..52-

299 599 525 682 Siptunencium
550 589 770 672 Praepositum,
790 585 934 666 jacuerit,
956 587 1253 650 monaeterieomnia

299 721 439 792 visitare,
463 725 499 776 ut
516 713 574 774 bac
591 707 819 791 opportunitate
835 710 868 769 in
887 709 1101 774 Moneobcrum
1115 713 1255 794 inquire-

300 848 349 900 ret
367 833 517 898 ecntiendi
533 831 698 899 rationem,
721 825 820 904 iisque
845 839 1029 910 proponeret
1055 829 1169 903 officia,
1194 831 1256 891 lieo

301 957 429 1038 regique
454 946 641 1032 praestanda.
684 944 767 1017 Quae
793 963 841 1004 ree
864 947 972 1006 cummi
1000 957 1067 1008 erat
1091 952 1254 1022 momenti,

302 1067 547 1155 qimndoquidem
555 1062 756 1133 lielormatio,
769 1079 860 1140 quem
875 1061 1023 1124 umnam
1037 1063 1254 1139 meditabatur,

301 1189 551 1256 monasteriorum
565 1185 657 1246 etiam
671 1181 826 1262 spectabat
839 1180 961 1242 divitiae
978 1182 1257 1264 monachorumque

300 1327 407 1370 moret.
449 1307 487 1368 lli
503 1313 606 1365 autern
621 1319 731 1379 magna
748 1298 829 1380 apud
845 1299 965 1380 plebem
981 1299 1021 1360 ob
1035 1300 1147 1373 vitam,
1172 1319 1257 1362 canc-

300 1426 397 1486 titutie
414 1424 546 1505 speciem
564 1419 765 1491 referentem,
788 1418 960 1496 gaudebant
982 1419 1184 1495 auctoritate;
1206 1420 1258 1480 iis·

302 1563 383 1624 que,
396 1561 498 1622 regem
506 1539 694 1602 haereticum
708 1536 925 1608 clamantibue,
938 1535 1027 1596 fidem
1035 1535 1145 1596 habuit
1153 1535 1256 1617 plebe,

301 1658 376 1722 adeo
394 1667 431 1718 ut
448 1676 532 1718 arma
559 1661 707 1725 sumeret,
742 1673 812 1714 cum
839 1655 898 1734 ipei
923 1655 1177 1727 annunciarctur,
1203 1671 1260 1713 en·

303 1777 419 1856 tiquam
446 1773 537 1834 fidem
562 1772 685 1832 mutari.
737 1768 825 1844 Quod
851 1789 921 1830 cum
947 1771 991 1831 ita
1018 1781 1113 1844 eeeet,
1136 1773 1260 1834 maximi

303 1913 374 1956 eane
387 1901 458 1960 ‚erat
476 1889 621 1952 momenti
638 1886 815 1961 ldonacboa,
826 1887 927 1967 quoad
942 1898 1059 1968 poeeet,
1081 1888 1137 1948 eibi
1150 1888 1261 1948 devin-

304 2013 378 2074 cire.
421 2010 506 2072 Idem
522 2019 624 2070 autem
640 2015 677 2067 nt
695 2006 756 2065 rite
782 2003 930 2077 efficeret,
964 2004 1126 2066 llartinum
1155 2007 1196 2066 ad
1221 2008 1261 2066 il-

304 2131 350 2192 loc
379 2128 511 2202 dimisit,
534 2128 697 2208 quiquam
716 2125 836 2183 muneri
863 2123 1038 2202 gravissimo
1056 2135 1145 2204 aptus
1163 2135 1258 2197 ercet,

303 2247 375 2308 inde
393 2255 535 2326 apparet,
568 2243 651 2322 quod
668 2242 706 2302 ab
734 2260 771 2300 eo
788 2250 939 2321 tempore,
972 2261 1033 2322 quo
1061 2241 1264 2323 Vitenbergae

304 2361 492 2427 emendatam
500 2358 669 2420 doctrinam
683 2367 882 2433 cognoverat,
900 2359 978 2420 clam
992 2361 1050 2440 ipsi
1067 2360 1261 2434 adhaereret,

304 2484 377 2545 dum
400 2477 558 2551 llcnachi,
581 2474 705 2534 minime
731 2471 790 2534 boc
808 2475 1010 2553 auspicantes,
1044 2477 1083 2537 ob
1101 2479 1260 2548 eximiam,

306 2623 369 2685 qua
384 2603 552 2664 instructus
570 2604 637 2658 erat
655 2592 842 2663 doctrinam,
863 2592 985 2652 maximi
1003 2591 1092 2652 illum
1109 2592 1263 2656 feceruut.

304 2720 389 2780 llnde
409 2719 523 2778 laetum
550 2723 612 2786 eat,
636 2710 719 2792 quod
737 2710 828 2769 multi
845 2710 903 2790 ipsi
922 2710 1143 2784 conaenaerint,
1168 2732 1264 2792 quum

302 2839 337 2898 iu
359 2834 483 2896 illorum
503 2829 610 2891 animis
627 2827 727 2887 studia
754 2828 889 2887 excitare
914 2837 1094 2901 conaretur,
1127 2849 1209 2908 quae
1228 2830 1265 2890 ad

304 2949 526 3032 amplectendae
553 2943 787 3008 deformationis
814 2952 917 3023 partes
944 2944 1048 3006 faciles
1067 2946 1137 3006 illce
1153 2947 1264 3008 redde·

302 3079 383 3132 rent.
426 3067 485 3126 Sed
502 3073 538 3124 ut
555 3062 630 3122 alios
654 3059 817 3139 prudentia
834 3081 888 3123 sua
907 3062 945 3123 ad
971 3065 1176 3146 recipiendam
1203 3067 1263 3127 lie-

302 3184 517 3248 fcrmationem
530 3179 740 3262 propensiores
753 3178 886 3241 reddidit
907 3181 1071 3256 Gustatus,
1089 3184 1133 3244 ita
1151 3186 1262 3245 severi-

305 3314 369 3367 tate
396 3323 450 3364 eua
476 3301 651 3383 impedivit,
677 3300 838 3379 quominus
856 3299 909 3359 alii
935 3299 1105 3374 efficerent,
1129 3310 1165 3362 ut
1192 3302 1261 3381 pul-

303 3423 490 3485 cherrimum
507 3420 697 3501 propositum
711 3438 855 3499 prospero
873 3428 990 3480 careret
1000 3439 1148 3480 successu.
1172 3419 1261 3480 Scili-

304 3548 353 3598 cet
371 3537 513 3598 nonnulli
531 3547 633 3611 erant,
658 3537 692 3595 in
710 3536 757 3596 bis
784 3535 973 3604 Dominicani
990 3546 1021 3597 ot
1048 3537 1172 3617 quidem
1189 3555 1261 3616 prae

302 3655 429 3716 caeteris
456 3651 622 3725 liebertus,
655 3651 753 3713 Abbas
782 3651 954 3714 lllonasterii
981 3653 1162 3726 drucionem,
1186 3673 1261 3734 quos

304 3772 342 3832 ad
359 3771 536 3832 seditionem
553 3790 716 3849 propensos
733 3770 851 3832 invenit
866 3771 1020 3833 Martinus.
1053 3772 1119 3846 Quo
1137 3773 1257 3844 audito,

304 3889 452 3950 Gustatus
471 3889 638 3951 liebertum
657 3908 785 3950 munere
810 3891 943 3969 privavit
961 3898 993 3949 et
1020 3889 1177 3951 Nicolaum
1196 3891 1259 3950 dn-

303 4001 394 4064 dreae
411 4007 445 4066 in
463 4008 529 4086 ejus
547 4007 648 4068 locum
666 4007 841 4080 substituit,
862 4009 936 4068 ¹irno
963 4025 1035 4066 vero
1062 4008 1095 4068 in
1122 4009 1261 4069 exsilimn

304 4121 514 4186 bomiuicanoe
532 4125 696 4188 nonnullos
716 4107 828 4206 ejecit*
861 4125 926 4202 Qua
943 4124 1052 4205 agendi
1079 4127 1197 4190 ratione
1215 4128 1263 4189 vi··
