2668 4784
633 357 816 420 -tloa

247 547 441 621 necmitsto,
465 545 582 608 uibuts
600 543 738 608 omnibns
762 544 934 624 imponenti
959 541 1110 617 clericos,
1133 563 1208 625 pree
1324 533 1325 544 ’

249 667 378 734 caeteris
393 664 553 740 resistere,
575 663 737 743 ipsumque
760 661 839 722 ritus
864 660 1090 741 superstitiosos
1116 662 1212 724 abro-

249 791 373 863 gantem
396 792 428 846 rt
446 782 632 844 Clerioorum
650 780 864 842 auctoritatem
880 788 913 842 et
930 779 1131 859 professiones
1158 780 1209 842 di·

249 901 454 974 minuentem,
486 919 589 960 omncs
614 899 721 974 simul,
754 899 857 960 laicos
889 917 987 978 aeque
1013 917 1049 958 ao
1075 897 1211 960 Clericos

247 1020 437 1082 haereticum
454 1019 566 1082 dicere.
609 1020 774 1082 Gustsvum
791 1016 922 1090 iccirco,
935 1024 1097 1096 postquam
1114 1017 1206 1078 Sona-

252 1140 300 1202 tui
317 1139 529 1220 explicuisset,
552 1155 632 1217 quae
646 1136 771 1198 tandem
788 1145 888 1196 essent
907 1133 1098 1198 emendanda
1113 1135 1209 1208 vitia,

249 1258 276 1320 si
294 1255 344 1318 vel
361 1275 498 1335 unquam
514 1254 638 1319 floreret
654 1253 772 1334 patria,
794 1272 921 1314 munere
947 1252 1073 1312 molesto
1091 1269 1126 1312 se
1142 1249 1213 1311 uel-
1324 1327 1325 1340 χ

250 1375 282 1436 1ο
298 1372 450 1436 abdicare.

292 1491 331 1552 Iu
348 1491 398 1552 bis
415 1491 512 1570 igitur
532 1490 613 1552 vitiis
630 1489 822 1552 recensendis
840 1507 911 1550 oum
927 1490 1005 1570 ipsas
1020 1489 1114 1549 etiam
1142 1508 1212 1548 mo-

250 1617 384 1670 moraret
400 1608 540 1686 ingentes
558 1607 745 1670 Clerioorum
754 1607 892 1682 divitias,
905 1608 1041 1667 srrrrexit
1048 1607 1213 1687 Episcopus

252 1723 475 1804 Lincopiensis:
496 1722 628 1796 ›tlosss’
651 1724 771 1802 inquit,
796 1725 872 1804 »qui
889 1725 1094 1786 ecclesiastico
1112 1724 1213 1784 ordini

253 1863 356 1904 sumus
370 1841 533 1922 adscripti,
546 1841 636 1902 facilc
654 1841 852 1916 confitemur,
872 1863 927 1904 nos
936 1844 1068 1923 jurasse,
1081 1865 1138 1906 nos
1154 1865 1212 1907 nec

253 1960 437 2022 indootrina
455 1962 563 2024 necin
581 1961 708 2024 caeteris
726 1959 833 2034 rebus,
854 1961 1036 2040 religionem
1044 1963 1213 2044 spectanti-

253 2077 328 2152 bns,
346 2079 520 2142 inconsulto
537 2079 625 2142 Pout.
637 2080 723 2142 Rom.
734 2079 853 2159 aliquid
870 2082 982 2142 mutari
990 2099 1132 2162 pamuros
1139 2103 1213 2145 esse.

252 2196 330 2274 Regi
349 2215 405 2256 uos
423 2197 627 2258 obedientiam
645 2197 773 2271 debere,
796 2197 880 2258 haud
895 2199 1057 2278 negamus}
1080 2211 1114 2261 at
1141 2219 1215 2262 vero

254 2320 379 2374 eatenus
397 2314 605 2376 tautummodo
622 2315 682 2378 boo
691 2317 790 2388 valet,
812 2328 963 2398 quatenus
971 2317 1065 2398 hujus
1072 2319 1216 2380 mandata

255 2429 436 2492 Pontificum
455 2441 488 2494 ot
504 2431 705 2494 conciliorum
730 2433 862 2496 decretis
887 2455 951 2497 non
968 2439 1032 2497 sint
1049 2441 1215 2501 contraria.
1324 2463 1325 2486 1

255 2551 477 2614 Possessicnum
514 2550 611 2630 igitur
652 2550 942 2626 ecclesiasticarum,
973 2555 1022 2614 vel
1055 2555 1218 2619 minimam
1324 2607 1325 2634 ,

255 2683 374 2753 partem
401 2673 590 2744 abalienare,
613 2671 701 2732 nobis
717 2691 779 2732 non
796 2671 881 2733 licet.
923 2671 1034 2747 Quodsi
1058 2691 1129 2733 sero
1157 2691 1219 2736 rex

256 2792 333 2852 velit
360 2791 439 2850 ritus
465 2788 688 2868 superstitiosos
714 2788 855 2866 abrogari
879 2799 911 2850 et
928 2791 1081 2851 emendari
1107 2811 1219 2872 prauos

258 2907 447 2970 Clerioorum
465 2915 497 2966 et
515 2903 728 2965 Monachorum
745 2923 858 2978 mores,
891 2926 954 2966 non
978 2918 1024 2968 est
1050 2909 1133 2990 quod
1159 2911 1220 2992 ipsi

258 3025 463 3084 resistamus.'’

300 3140 432 3219 Roganti
460 3137 602 3218 deinceps
627 3137 777 3210 Gustavo,
810 3149 915 3200 utrum
940 3147 1055 3204 caeteri
1077 3149 1218 3209 comitio·

260 3258 412 3321 rumsooii
430 3257 565 3338 ejusdem
578 3265 678 3318 essent
696 3260 880 3334 sententiae,
903 3263 1127 3344 responderunt
1141 3287 1217 3327 non-

260 3380 359 3440 nulli:
382 3398 443 3440 sse
469 3378 506 3438 iis
533 3378 690 3452 assentiri,
723 3398 802 3458 quae
819 3399 837 3441 a
854 3380 979 3444 Braskio
1003 3382 1127 3446 fuerant
1145 3404 1219 3464 pro·

262 3495 357 3558 lata.’'
403 3497 519 3570 Quibus
536 3496 665 3569 auditis,
689 3515 743 3556 rex
765 3497 879 3577 absque
895 3519 980 3561 mora
996 3505 1145 3574 surrexit,
1165 3511 1214 3576 et,

260 3612 367 3674 habita
384 3611 535 3684 oratione,
560 3631 622 3690 qua
639 3613 715 3672 vivis
733 3613 885 3674 coloribus
904 3617 1069 3679 Succorum
1086 3621 1220 3680 animum

262 3729 418 3807 ingratum
435 3727 590 3808 depinxit,
608 3729 835 3806 postulavitque
849 3740 885 3792 ut
899 3733 958 3813 ipsi
965 3735 1217 3809 restituerentur,

262 3863 462 3926 quoscunque
490 3846 523 3904 in
549 3843 667 3922 patriae
693 3845 820 3906 salntem
849 3847 968 3909 fecisset
994 3861 1128 3926 sumtus,
1151 3853 1220 3933 dig-

264 3962 355 4024 nitati
373 3964 475 4041 regiae
492 3962 696 4035 renuntiavit,
721 3962 889 4046 lachrymas
916 3965 1045 4027 fundens
1072 3989 1090 4031 a
1110 3971 1222 4034 throno

263 4077 418 4140 noscenda
433 4089 464 4138 a
483 4079 706 4142 enarrarunt.
854 4055 857 4060 ’
