2698 4792
677 383 719 400 ...
738 351 778 416 ω
796 381 839 400 .-

515 573 669 636 Guttam
690 575 728 634 is
743 577 879 660 patriam
901 577 1006 637 reduc.

327 770 492 854 Postquam
514 791 586 834 reru
612 775 759 834 (lusurus
784 793 839 854 per
865 786 936 837 octo
962 794 1078 837 menses
1104 775 1241 838 lubecae

284 899 489 952 'mmoratns
515 889 616 950 luerat
632 899 665 950 ct
692 889 809 954 frustra
832 894 965 955 Banerus
982 894 1021 954 ab
1037 893 1129 973 hujus
1157 893 1243 954 urbis

287 1017 395 1070 eumn
412 1006 556 1088 petierat,
581 1017 617 1067 ut
635 1007 783 1087 fugitivus
801 1012 859 1092 ipsi
867 1013 1057 1085 traderetur,
1070 1013 1103 1071 in
1111 1013 1243 1093 patriam

287 1125 382 1188 ratliit
399 1125 554 1186 Gmtarsu.
598 1126 723 1188 Sueciae
740 1139 841 1189 autem
858 1129 918 1190 hcc
946 1141 1083 1210 ternpore
1109 1128 1245 1190 conditio

287 1242 469 1304 muwrrima
494 1251 570 1305 erat.
632 1245 780 1306 Nimirum
813 1248 932 1328 ingenti
958 1247 1092 1308 militum
1119 1245 1245 1307 cohorte

288 1358 474 1424 (lltrlttianm
493 1358 630 1424 ll'illam
648 1383 783 1444 agressus
801 1364 917 1439 iuerat,
941 1373 973 1425 at
991 1374 1152 1446 postquam
1171 1365 1242 1426 Stu-

286 1495 337 1550 re,
367 1475 492 1540 fortiter
520 1499 660 1560 pugnans
687 1483 839 1544 ceciderat
867 1481 994 1564 (1520),
1027 1482 1133 1553 Sneci,
1166 1479 1242 1541 duce

284 1591 428 1656 ¹(instituti
446 1607 540 1677 atque
558 1598 633 1660 adcc
651 1599 733 1658 inter
749 1621 781 1660 se
797 1599 961 1679 disjuncti,
985 1599 1042 1660 sub
1058 1599 1171 1660 Ilaniee
1193 1617 1242 1658 re-

285 1713 332 1794 gis
351 1724 534 1796 potestatem
552 1737 584 1777 se
602 1717 758 1779 dederant.
802 1718 877 1792 Qui,
907 1719 964 1776 etsi
992 1716 1063 1778 (lata
1088 1716 1147 1776 fide
1175 1716 1242 1796 pcl-

286 1828 392 1894 licitu
410 1832 533 1907 luisset,
556 1853 589 1894 se
603 1836 636 1894 in
655 1835 764 1896 Sueuos
779 1835 860 1896 haud
878 1855 942 1896 esse
957 1835 1240 1906 animadversurum,

288 1947 461 2032 breri'pest
479 1951 604 2012 coasilia
615 1953 693 2012 ‘iniit
712 1952 750 2012 de
765 1953 983 2013 interficiendis
1002 1953 1163 2013 nobilibus.
1187 1953 1244 2013 lla·

288 2071 336 2132 ria
353 2071 449 2152 igitur
465 2071 620 2150 agitantur
634 2069 778 2133 coasilia:
800 2069 902 2150 placet
916 2069 1050 2131 lliderici
1067 2071 1245 2150 Slaghelrlii
1343 2061 1345 2126 ’ἲ

288 2189 460 2250 enitentia:
483 2187 621 2260 slluc,''
645 2189 764 2268 inquit,
798 2188 925 2268 »gladia
952 2207 1006 2248 rex
1034 2199 1135 2260 tenet,
1169 2189 1245 2250 alte·

288 2323 357 2364 rum
376 2303 548 2378 mecrrlare,
572 2304 731 2384 spirituale
748 2306 888 2366 alterum.
920 2306 1025 2366 llatam
1042 2306 1139 2385 igitur
1158 2305 1245 2366 iidem
1346 2309 1348 2374 l

289 2440 411 2483 servare
428 2441 482 2482 rex
500 2431 617 2503 potest,
641 2422 792 2483 Ecclesiae
810 2431 911 2481 autem
929 2420 1041 2481 vindex
1059 2441 1121 2482 non
1138 2425 1243 2484 item.''

292 2541 440 2616 Quocirca
467 2540 581 2600 Trollio
600 2540 834 2620 injungebatur,
866 2557 926 2619 qua
951 2538 1040 2597 illum
1067 2537 1246 2610 affecerant,

290 2657 475 2738 ignominiae
502 2658 612 2720 Suecos
638 2678 789 2719 accusare.
831 2657 934 2718 Tertio
952 2658 1048 2737 igitur
1075 2656 1142 2728 die,
1164 2667 1250 2737 post-

292 2795 384 2856 quam
403 2787 564 2838 coronatus
582 2775 684 2834 iuerat
711 2775 915 2846 Christianus,
947 2795 1073 2854 surgere
1098 2774 1246 2845 Trallins,

291 2913 433 2958 accusare
450 2893 537 2964 illos,
561 2891 615 2972 qui
633 2889 797 2952 Ecclesiam
817 2890 1025 2952 cathedralem
1040 2892 1108 2972 lips.
1127 2911 1249 2972 aggres-

292 3011 476 3082 sifuerant,
512 3009 675 3070 stelenum
703 3027 803 3068 arcem
830 3018 1079 3088 oppugnaverant
1098 3019 1130 3069 et
1145 3010 1250 3071 devas-

292 3141 430 3194 taverant
448 3131 610 3212 ipsumque
626 3147 754 3188 munere
771 3146 825 3186 suo
843 3125 1038 3206 privaverant
1056 3123 1124 3206 (03
1146 3139 1250 3210 petere

291 3250 450 3330 deinceps,
475 3260 511 3310 ut
536 3268 591 3308 arx
615 3244 769 3308 devastata
788 3246 1002 3306 restitueretur
1018 3256 1050 3306 et
1066 3249 1249 3326 punirentur

294 3369 469 3449 quicunque
497 3365 684 3427 clericorum
708 3366 781 3444 jura
808 3364 996 3448 invasissent.
1037 3353 1126 3424 Brevi
1152 3363 1247 3452 igitur

293 3479 362 3566 post
378 3484 484 3566 capitis
501 3481 722 3544 damnabantur
740 3499 859 3554 omnes,
884 3483 939 3562 qui
951 3467 1095 3556 decreto,
1123 3504 1141 3543 a
1157 3481 1246 3562 regni

293 3604 408 3666 Senatu
436 3601 475 3663 de
502 3601 657 3682 puniendo
685 3597 800 3658 'lrellio
838 3598 871 3658 in
907 3603 1037 3662 comitiis
1063 3600 1248 3701 Arbogensi·

290 3721 349 3781 bus
370 3719 478 3802 (1517)
506 3719 604 3790 iacto,
636 3736 747 3778 namen
770 3709 1031 3797 subscripserant.¹
1066 3718 1149 3792 Quae
1173 3735 1246 3780 vcro

290 3835 498 3918 sequebatur,¹
521 3833 642 3898 caedem
668 3833 853 3910 describere,
897 3855 991 3916 quum
1017 3854 1077 3896 non
1099 3837 1138 3898 sit
1153 3835 1246 3918 hujus

322 4078 361 4148 (a)
381 4075 467 4146 Supra
485 4095 540 4146 pag.
557 4075 599 4129 il.
