2690 4790
643 374 825 434 -ttt-

255 571 316 624 ten
341 567 448 622 utrum
473 562 507 620 in
529 559 636 622 dolien
660 559 834 621 suetum
851 577 884 619 se
899 556 1033 629 teuent,
1057 573 1122 616 nos
1147 558 1222 620 saus
1337 553 1339 564 '

255 686 383 740 emus.
405 677 469 740 nn
485 679 567 739 surm
585 647 725 753 umeri,
739 678 777 738 us
794 678 919 740 curren
935 676 1128 755 Evangelii-is
1140 695 1220 756 que-

252 795 366 869 rentis,
396 795 547 878 Epistulae
565 797 603 858 ed
621 797 926 878 Archi-quiseepum
952 795 1042 856 datae
1067 797 1145 867 sint,
1170 793 1220 854 rel

253 915 299 975 sie
312 923 425 986 tumen,
449 935 544 994 quum
561 915 594 974 iu
611 914 660 975 his
677 916 792 976 nullius
811 915 949 975 oriminis
965 921 1124 974 accusetur
1136 911 1220 972 Lass-

252 1033 387 1106 rentius,
409 1031 469 1093 hoe
497 1033 722 1105 tenetentum,
754 1032 906 1112 suspieor‚
939 1029 1024 1111 qnod
1050 1047 1069 1088 e
1094 1027 1220 1088 (instari

253 1151 404 1212 sententis
410 1150 503 1230 hujus
512 1161 607 1226 esset,
628 1153 692 1212 sive
709 1147 750 1212 eb
767 1148 936 1220 affinitatis,
957 1165 1021 1228 quo
1038 1145 1110 1206 Olso
1120 1147 1217 1224 june-

256 1275 306 1330 tus
325 1277 408 1341 erut,
426 1269 600 1345 uinculum,
618 1271 699 1344 sire,
722 1267 805 1350 quod
822 1263 1071 1326 verisimillimum
1088 1272 1152 1335 est,
1176 1263 1220 1324 eb

253 1403 364 1447 munus
384 1387 690 1470 nubi-episcopale,
711 1409 773 1469 que
791 1389 994 1470 fungebatur,
1012 1389 1046 1447 in
1061 1385 1219 1446 meliorem

252 1511 386 1561 mentem
408 1505 496 1565 iilum
514 1505 674 1566 adducere.
726 1508 837 1582 Quodsi
863 1527 937 1569 vere
964 1507 1034 1587 quis
1060 1513 1217 1575 autumet,

253 1621 352 1700 ipsum
378 1622 470 1680 etiem
498 1623 695 1684 Laurentium
722 1627 803 1706 regis
825 1627 883 1686 sibi
910 1625 1095 1686 contraxisse
1119 1624 1217 1694 irem,

253 1735 347 1816 hujus
365 1738 410 1797 rei
429 1757 517 1798 enusu
535 1739 569 1798 iu
584 1759 621 1800 eo
640 1744 813 1820 quaerenda
821 1743 959 1814 ridetur,
977 1737 1078 1821 quod,
1094 1742 1221 1801 Gusteri

254 1857 288 1916 in
314 1855 405 1916 rebus
433 1855 648 1917 Ecclesiasticis
674 1862 890 1920 auctoritatem
918 1879 1008 1938 aegre
1034 1857 1152 1930 ferens,
1175 1857 1220 1916 de

253 1974 309 2034 ills
327 1974 536 2054 imprudenter
554 1984 678 2055 questus
703 1977 742 2036 sit
765 1973 824 2057 (i).
869 1977 1025 2057 Quidquid
1051 1995 1124 2036 vero
1151 1985 1216 2049 est,

251 2091 384 2172 primum
394 2091 432 2151 de
441 2091 601 2152 doctorum
609 2093 858 2174 Evangelieurum
872 2094 982 2174 egendi
999 2095 1119 2154 ratione
1136 2093 1221 2172 apud

255 2207 452 2267 Laurentium
480 2209 666 2287 querebatur
693 2211 860 2270 Gustnvus:
892 2229 958 2270 »ex
982 2212 1060 2283 e0‚”
1090 2211 1215 2290 inquit,

253 2351 265 2380 ι
283 2323 366 2404 quod
383 2324 543 2403 populares
562 2345 624 2386 non
642 2327 703 2385 rite
720 2327 945 2399 instituuntur,
969 2337 1149 2407 anteaquam
1166 2347 1221 2388 res

255 2443 584 2518 saeraeemenduntur‚
602 2443 724 2505 offensio
739 2451 771 2502 et
786 2442 947 2503 seditiones
965 2445 1129 2521 oriuntur3
1151 2447 1220 2525 pri-

252 2583 336 2622 mum
356 2563 494 2624 doctores
513 2563 658 2636 doceant,
683 2572 747 2622 tum
770 2560 892 2620 demum
909 2581 957 2622 res
985 2581 1085 2622 sacras
1113 2582 1219 2622 emen-

251 2678 344 2750 dent,
356 2713 398 2726 -
415 2679 554 2740 doctores
563 2681 644 2754 sitis,
656 2679 940 2751 nonverodemini‚
952 2711 994 2724 -
1012 2699 1071 2740 neu
1087 2679 1219 2741 credetis

250 2815 385 2878 unquam
408 2817 462 2857 nos
488 2798 667 2859 admissuros
693 2817 775 2871 esse,
798 2808 834 2857 ut
851 2797 952 2876 gladio
969 2797 1070 2858 denuo
1088 2799 1218 2878 cingan-

253 2923 305 2974 tur
334 2915 495 2996 Episeopi’'
517 2913 577 2996 (2).
607 2951 648 2964 —-
677 2916 934 2996 »Suspicabamur
960 2915 1122 2996 populares
1150 2935 1218 2976 esse

251 3029 471 3101 instituendos,
502 3048 565 3088 non
589 3049 661 3088 vero
688 3031 890 3092 ebeaeenndos
917 3043 949 3093 et
973 3033 1011 3094 ed
1035 3034 1216 3095 seditionem

242 3201 519 3215 W

251 3316 301 3366 ket
311 3349 320 3382 ,
331 3315 388 3386 fiir
404 3314 575 3384 konungens
589 3312 699 3380 synder
713 3312 802 3365 ekull.
817 3330 844 3363 v.
863 3310 990 3379 Datin,
1005 3317 1024 3368 l.
1034 3333 1058 3370 c.
1073 3315 1123 3368 c.6
1132 3352 1141 3381 ,
1160 3319 1176 3386 5
1185 3318 1213 3371 4.

249 3403 404 3470 Frijxstt
427 3421 454 3470 p.
473 3418 531 3469 ¹7⁰·

289 3493 326 3559 (t)
346 3491 432 3540 Alium
459 3489 651 3558 quedammodo
675 3490 824 3555 opinionem
844 3487 1087 3553 seiunctim,
1108 3491 1126 3540 l.
1142 3507 1165 3541 c.
1181 3507 1211 3557 p.

246 3573 411 3630 fidenhibet:
431 3576 607 3640 estuante,
626 3574 729 3646 inquit,
749 3577 813 3626 also
828 3580 907 3628 wohl
922 3597 1014 3648 scyrr,
1031 3581 1102 3631 daez
1112 3595 1212 3629 srnur

246 3667 340 3718 durelt
355 3666 564 3734 unversiclttig
580 3665 787 3735 luuteKlagsn
798 3667 927 3719 r's'berdie
940 3668 1055 3720 sednell
1072 3669 1133 3731 auf
1142 3667 1211 3716 sin-

247 3760 338 3806 under
352 3755 495 3826 folgende
522 3751 709 3822 Rtnztshung
734 3753 784 3804 der
800 3755 1025 3824 Kirsnsngurer
1043 3758 1105 3808 und
1126 3754 1212 3808 will.

246 3841 405 3895 tutrttete
434 3841 661 3910 Verordnungen
685 3839 736 3889 des
758 3841 874 3910 Kh'nigs
894 3844 926 3893 in
940 3843 1207 3906 Kirctensacbsr„

243 3929 317 3980 edne
331 3933 380 3982 die
400 3927 606 4000 evangelicum
626 3926 837 3981 Gsistlielskeit
854 3931 981 3984 darriber
1000 3950 1048 3984 um
1070 3933 1154 3984 Rath
1172 3947 1208 3984 zu

233 4021 350 4091 stegen
363 4055 371 4079 ,
389 4019 503 4090 gefedlt
517 4019 613 4068 ttius.

278 4109 318 4180 (α)
338 4123 363 4162 v.
381 4103 524 4172 Geijer,
542 4107 561 4158 1.
578 4123 600 4156 c.
617 4123 642 4174 p.
661 4122 701 4174 97.
