2668 4784
659 347 824 409 ..w-

261 535 315 614 Jes
338 533 385 592 rei
412 535 587 617 exemplam
612 534 699 596 nobis
723 533 848 614 praehet
873 521 966 616 ipsius
993 555 1063 598 oum
1078 533 1231 605 Braskio,

267 645 415 734 spi-sepo
435 651 639 734 Lineopiensi,
664 650 772 732 agendi
789 653 878 714 ratio.
903 637 906 644 ¹

308 763 366 830 ute
382 771 478 842 enirn,
500 779 657 850 postquam
674 769 788 830 frustra
801 770 977 833 adhortatus
994 770 1094 830 inerat
1109 767 1237 830 Archi-

268 883 463 968 Episoopum,
497 897 532 946 ut
557 887 709 972 doetrinae
744 869 922 949 haereticas
941 889 1139 968 exstirparet,
1182 889 1238 966 ip·

272 1023 307 1065 ss
331 1003 532 1064 iiierarohiam
557 1003 711 1064 rin'dioare
747 1005 872 1085 incepit.
924 987 1038 1065 Verum
1073 1001 1240 1085 quidquid

271 1121 446 1194 moliretur,
475 1139 579 1181 omnes
596 1122 661 1200 ejus
685 1131 811 1181 oonatus
837 1120 939 1180 irritos
958 1121 1034 1182 feeit
1053 1123 1237 1193 Gustavus,

272 1239 335 1298 sire
353 1235 512 1318 prudentia
529 1257 600 1312 sua,
624 1256 826 1319 quaeeunque
843 1217 985 1299 Brasiius
1002 1239 1234 1313 meditaretur,

270 1354 366 1429 mala,
389 1357 422 1416 in
449 1353 685 1418 Reformationis
711 1356 899 1417 oommodum
927 1365 1141 1429 converteret,
1165 1357 1239 1416 sive

271 1470 364 1532 etiam
390 1471 526 1552 jubendo
563 1483 596 1534 et
627 1473 840 1534 interdicendo
876 1473 1022 1555 Episcopo
1057 1475 1233 1536 resisteret.

269 1589 370 1664 oum
387 1591 483 1670 igitur
507 1591 559 1652 me
574 1590 751 1652 Pontificem
770 1572 936 1652 romanum
955 1593 1115 1653 certiorem
1135 1591 1234 1654 reee-

269 1715 315 1768 set
332 1707 371 1768 de
389 1709 539 1769 Ecclesiae
557 1709 701 1769 Sueoioae
718 1707 909 1781 conditione,
933 1729 1090 1790 quumque
1115 1711 1233 1770 Adria·

268 1843 325 1890 nus
344 1825 401 1900 VI,
424 1827 473 1886 illi
489 1845 604 1888 morem
622 1845 746 1906 gerent,
771 1826 905 1904 legatum
922 1827 956 1886 in
980 1828 1114 1888 Sueoiam
1132 1827 1233 1886 dimi·

271 1949 357 2010 sisset
385 1943 557 2005 iohannem
576 1943 634 2018 rt,
658 1945 808 2004 Gustatus
832 1961 893 2002 non
913 1953 1033 2004 tantum
1051 1944 1151 2003 virum
1169 1945 1233 2006 sibi
1332 1939 1333 1958 ¹

269 2063 422 2138 devinxit,
455 2082 562 2125 rerum
586 2063 678 2122 etiarn
704 2061 809 2132 illum,
842 2061 966 2122 Romam
993 2063 1054 2122 iter
1075 2063 1230 2124 meditan-

270 2189 349 2251 tem,
372 2180 406 2238 in
425 2181 532 2241 Sueoia
548 2180 693 2252 retinuit,
718 2199 758 2240 ne
785 2179 896 2240 Romae
923 2179 1051 2240 fortasse
1076 2159 1230 2241 Ecclesiae

268 2297 412 2358 Sueoieae
429 2297 635 2359 conditionem
653 2307 719 2356 atro
737 2295 839 2356 colore
858 2297 1048 2377 depingeret.
1077 2297 1155 2358 Tum
1172 2319 1227 2358 re-

269 2433 308 2476 ro
321 2415 479 2490 ernstius,
503 2415 592 2476 aliam
609 2414 690 2473 riam
717 2421 854 2486 tentans,
886 2415 987 2494 ipsum
1014 2435 1117 2494 regern
1145 2417 1226 2496 epis·
1325 2439 1328 2466 ι’

273 2533 337 2595 tola
364 2533 454 2605 adiit,
486 2553 547 2614 qua
573 2532 768 2592 vehementer
796 2530 999 2610 querebatur,
1031 2531 1131 2611 quod,
1155 2553 1226 2593 oum
1326 2535 1327 2558 *

270 2649 398 2711 Lutheri
419 2651 532 2732 scripta
549 2651 647 2710 libere
664 2649 926 2730 dispergerentur,
951 2650 1102 2710 imovero
1129 2669 1148 2710 a
1175 2671 1225 2712 re·

270 2787 309 2850 ge
336 2769 573 2831 defenderentur
599 2769 684 2828 illius
709 2767 868 2846 discipuli,
909 2768 943 2827 in
979 2767 1044 2828 dies
1078 2768 1225 2830 haeretiei
1325 2833 1327 2854 ,

271 2898 434 2950 sectatores
451 2890 485 2949 in
505 2887 611 2950 Suesia
630 2894 826 2965 augerentur.
855 2885 951 2957 Quam
968 2884 1008 2944 ob
1026 2905 1091 2944 rem
1109 2905 1127 2947 a
1147 2887 1222 2948 Gus·
1325 2911 1327 2936 τ

267 3013 340 3066 tave
358 3007 466 3086 petiit,
489 3016 525 3067 ut
547 3023 651 3066 severo
669 3003 769 3064 edieto
798 2999 907 3060 horum
934 3003 1117 3082 scriptorum
1144 3023 1219 3064 ren·

270 3121 418 3184 ditionem
437 3122 631 3205 prohiberet,
649 3119 755 3182 necin
770 3127 924 3198 posterum
943 3117 1071 3180 Lutheri
1082 3099 1224 3203 ⁴discipu-

270 3241 317 3302 los
339 3240 527 3303 defenderet.
576 3241 741 3326 Respondit
769 3244 935 3306 tartarus:
958 3269 970 3298 ι
988 3261 1020 3301 se
1043 3241 1224 3322 scriptorum

272 3359 399 3422 Lutheri
423 3360 629 3422 venditionem
654 3361 764 3421 merito
781 3359 945 3440 prohibere
962 3357 1025 3421 non
1042 3379 1144 3439 posse,
1167 3355 1230 3420 nisi

273 3489 346 3543 aute
380 3479 418 3541 ab
444 3479 549 3558 aequis
576 3481 622 3540 rei
645 3477 800 3558 judicibus
827 3477 968 3539 damnata
993 3487 1108 3548 essent,
1143 3475 1225 3558 quod

272 3595 432 3679 hueusque
448 3597 537 3656 uniee
554 3596 690 3658 fecerant
707 3593 766 3654 riri
781 3592 953 3655 adversarii.
995 3593 1155 3656 Praeterea
1172 3615 1223 3655 ve-

273 3733 328 3790 re,
352 3735 497 3778 unacum
514 3713 562 3773 his
579 3714 717 3793 seriptis,
742 3710 800 3772 alia
816 3715 908 3774 etiam
925 3713 957 3772 in
976 3711 1113 3772 Sueeiam
1122 3713 1223 3775 induci

271 3833 306 3894 in
323 3831 491 3895 Luthernm
507 3831 673 3914 polemica3
705 3851 784 3911 quae
811 3832 865 3893 ubi
891 3833 950 3892 viri
977 3831 1059 3892 doeti
1084 3834 1167 3895 inter
1193 3851 1224 3893 se

272 3951 491 4026 eontulissent,
513 3949 684 4012 discernere
700 3961 837 4028 possem,
861 3949 937 4030 quid
958 3948 1082 4012 veritati
1106 3949 1222 4014 obesset

273 4084 305 4137 st
329 4075 516 4156 argumentis
541 4072 616 4136 haee
633 4085 825 4150 oppugnare,
847 4088 911 4150 quo
924 4069 1019 4149 magis
1042 4081 1216 4152 appareret,
