2668 4784
500 369 679 429 -101-

105 575 138 616 se
151 555 227 618 haec
240 574 302 617 non
316 555 489 636 intelligere
504 555 720 630 clamantibus,
743 541 916 636 respondit:
938 556 1056 631 nQuam

104 673 202 752 igitur
225 673 263 734 oh
289 693 409 736 waram
434 675 510 735 tanti
538 663 701 735 aestimatis
728 673 849 733 missam
876 673 1001 734 latinam
1010 671 1050 733 pn

104 789 148 850 Ex
175 791 221 852 hin
246 802 349 854 autem
374 794 446 854 eatis
474 811 625 873 superque
650 791 841 870 intelligens,
866 809 929 849 non
955 792 1053 852 omnia

103 909 191 970 airnul
208 911 363 972 emendari
380 931 481 992 poseo,
513 903 606 971 hilari
632 910 732 971 animo
759 909 791 967 in
817 907 925 967 urbem
943 905 1052 981 rediit,

101 1045 194 1106 quam
211 1038 312 1088 teman
329 1029 515 1092 hilaritatem
532 1030 653 1110 excepit
670 1031 830 1102 severitas,
854 1049 949 1109 quum
959 1075 967 1102 ,
978 1049 1056 1108 pau-

100 1148 146 1208 cis
172 1147 279 1210 diebus
304 1159 389 1230 post,
421 1151 456 1210 in
484 1149 703 1211 Canonioorum
728 1153 898 1217 conventu,
922 1145 992 1204 cum
1009 1145 1059 1207 hia

99 1277 204 1346 ageret
232 1268 270 1328 de
288 1268 424 1347 ipsorum
456 1266 635 1348 privilegiis.
679 1264 773 1342 liegi,
806 1261 955 1322 undenam
975 1243 1058 1324 ¹haec

97 1385 262 1465 privilegia
288 1385 418 1444 oriunda
445 1384 524 1455 sint,
555 1380 693 1460 roganti,
726 1376 924 1458 respondebat
951 1381 1055 1442 Galle:

98 1502 196 1581 »pios
228 1521 316 1580 reges
350 1509 383 1561 ct
419 1499 571 1580 principes
602 1487 765 1560 Ecclesiam
799 1495 861 1556 illis
897 1484 1053 1558 donasse.'¹

98 1645 110 1674 ι
129 1618 239 1680 Nonne
256 1619 394 1698 igitur,’'
416 1635 471 1677 rex
494 1616 612 1696 inquit,
637 1613 788 1694 »regibus
814 1624 846 1675 et
867 1615 1056 1696 principibus

97 1736 211 1798 liceret
228 1733 283 1795 illa
301 1754 458 1809 revocare,
492 1733 518 1794 si
543 1734 685 1812 temporie
712 1733 791 1794 ratio
819 1733 853 1793 id
871 1733 1054 1812 postulat?”

100 1853 188 1915 Galle
206 1873 269 1913 non
288 1851 413 1926 habuit,
438 1852 520 1932 quod
537 1853 770 1914 contradiceret.
794 1852 835 1912 At
852 1853 986 1910 surrexit
1004 1853 1058 1911 Jo-

97 1991 154 2031 ran
184 1971 318 2044 Tarson,
350 1971 568 2030 canonicorum
595 1953 795 2049 praepositus.
838 1968 966 2046 Negavit
983 1967 1052 2039 hic,

98 2088 157 2147 ulli
181 2087 297 2148 homini
326 2089 437 2162 licere,
468 2087 631 2167 privilegia
659 2087 845 2147 clericorum
871 2067 1057 2167 infringere,

97 2218 196 2288 utque
214 2227 278 2268 rem
306 2225 390 2268 suam
417 2205 577 2284 probaret,
608 2203 647 2264 ad
673 2203 844 2265 Decretalea
873 2205 1060 2286 provocarit.

98 2329 200 2402 Quum
218 2333 338 2396 autem,
361 2339 418 2402 pro
444 2321 650 2394 vehementia,
682 2341 743 2402 qua
771 2323 970 2403 loquebatur,
995 2307 1059 2385 De·

97 2441 235 2502 cretaleo
259 2441 338 2502 male
363 2441 575 2520 pronuntiaret
602 2458 660 2500 nec
687 2449 867 2517 argumenta
894 2433 1016 2501 afferret
1041 2461 1060 2503 e

97 2561 128 2620 S.
150 2558 222 2620 Cod.
244 2559 357 2640 petita,
381 2577 444 2618 non
461 2567 580 2616 tantum
607 2555 696 2614 illurn
723 2555 856 2615 ludibrio
882 2557 991 2618 habuit
1010 2557 1058 2641 (1)

96 2679 268 2752 eustavus3
292 2676 345 2734 sed
362 2675 454 2734 etiam
471 2673 552 2730 hane
571 2690 608 2731 ex
627 2671 765 2733 omnibus
783 2672 871 2734 duxit
889 2675 1059 2738 conclusio-

94 2813 188 2855 nem:
212 2793 270 2851 sibi
287 2793 396 2864 licere,
420 2809 476 2870 pro
495 2791 637 2869 temporie
657 2783 847 2864 conditione,
872 2793 1059 2854 Clericorum

93 2909 276 2992 privilegia,
302 2927 380 2990 quae
397 2909 425 2970 S.
438 2909 469 2971 G.
480 2907 563 2968 hand
580 2907 778 2983 nitebantur,
800 2899 979 2970 auferrevel
990 2929 1058 2970 mu·

96 3039 176 3088 tare.
198 3025 346 3086 lltautem
355 3023 507 3099 docendo,
520 3026 685 3102 monendo,
699 3028 948 3106 reprehendendo
957 3011 1055 3110 etpu-

96 3145 212 3206 niendo
229 3145 395 3205 multorum
409 3147 523 3205 animos
541 3143 578 3204 ad
596 3133 1058 3224 recipiendamrelornrationem

97 3263 310 3344 propensiores
317 3259 443 3320 reddere
460 3257 586 3318 conatus
604 3271 666 3318 est:
689 3262 734 3318 ita
751 3261 842 3319 etiam
861 3261 984 3319 firmum
996 3248 1059 3318 'sibi

99 3377 226 3442 aliunde
253 3377 403 3457 quaesivit
428 3375 613 3455 praesidium
638 3375 779 3436 adversus
813 3377 1000 3436 Clericorum
1027 3385 1061 3435 et

100 3499 260 3560 Laieorum
279 3489 395 3564 studia,
419 3490 637 3552 Reformationi
651 3491 797 3570 opposita.
841 3491 989 3566 Quocirca
1003 3510 1059 3550 no·

99 3616 179 3676 biles
205 3611 263 3673 sibi
290 3609 446 3670 devincire
472 3628 490 3668 e
514 3628 549 3669 re
572 3629 626 3670 sua
655 3609 785 3688 putavit.
829 3611 922 3684 Quos,
946 3618 983 3668 ut
1001 3607 1059 3668 sibi

101 3731 298 3804 conciliaret,
322 3729 355 3787 in
374 3726 504 3787 comitiis
522 3719 775 3788 Vadstenensibus
804 3725 914 3808 (1526)
934 3727 1061 3807 antiqua

106 3858 354 3880 μ

140 3928 181 3996 (ι)
200 3925 391 3978 Dricketalea
408 3925 495 3989 dixit,
513 3942 591 3992 quarn
607 3925 642 3977 ob
660 3943 716 3977 rem
742 3941 786 3976 rex
810 3923 914 3992 inquit:
932 3925 990 3992 da,
1010 3929 1061 3980 det

107 4020 144 4068 ἂν
157 4022 245 4076 aaut,
265 4015 284 4064 1
297 4014 416 4066 dricken
430 4031 488 4094 arog
501 4013 553 4090 cod
568 4013 667 4064 talene
683 4011 761 4076 wid,
782 4029 846 4064 men
858 4015 898 4064 wi
915 4015 968 4066 och
982 4019 1060 4069 rtket

106 4091 204 4175 lr'aswe
220 4101 292 4154 dccl
308 4103 428 4158 aladen.
446 4100 563 4157 Olaua
578 4101 740 4166 Calaiua,
764 4102 781 4155 l.
799 4117 822 4153 c.
838 4119 863 4171 p·
879 4103 939 4172 296.
