2668 4784
502 359 681 422 -111--

142 546 216 620 Qua
235 547 358 614 Gestari
377 544 488 626 agendi
512 545 633 612 ratione
657 544 877 626 obstupeiaoti‚
900 544 977 628 quid
992 563 1066 627 ege·

98 673 190 737 rent,
213 663 389 728 nesciebant
403 683 516 731 omnes.
557 664 732 730 Discordiae
748 665 846 744 igitur
872 673 905 726 et
930 673 1059 726 muten-

98 782 194 844 tienis
209 782 296 861 pleni
313 792 403 846 eraut
422 792 587 848 conventus
604 783 678 858 illo,
698 803 796 864 aeque
813 802 849 846 ae
868 781 1058 861 insequenti,

97 895 159 958 die.
203 901 339 962 Tandem
353 921 426 963 vero
443 902 551 974 tertio,
562 966 564 974 ,
575 910 643 982 post
661 901 742 982 regis
760 921 778 962 e
795 901 910 962 Senatu
928 899 1061 972 abitum,

96 1015 149 1082 die
178 1017 265 1081 cives
291 1037 388 1100 aeque
412 1037 447 1084 ac
473 1020 582 1090 rmfioi
608 1021 700 1084 minis
722 1019 937 1102 postularunt,
960 1025 997 1081 nt
1016 1015 1062 1076 le·

95 1135 166 1214 gati
183 1135 224 1200 ad
243 1156 344 1220 regem
357 1139 575 1211 mitterentur,
608 1139 648 1202 ab
674 1140 740 1220 ipso
766 1137 914 1218 petituri,
937 1137 994 1216 qui
1013 1154 1068 1196 rm

94 1271 168 1316 rum
195 1262 433 1320 anteactarum
458 1275 523 1319 non
556 1275 689 1328 mernor,
721 1257 756 1316 in
784 1254 913 1320 Comitia
939 1251 1065 1316 rediret.

95 1369 220 1435 caetui
256 1383 362 1438 antem
400 1375 563 1440 Senatores
588 1373 686 1434 ooaoti
715 1370 838 1432 tandem
864 1380 1064 1436 mouerunt.

92 1485 229 1550 Frustra
254 1499 358 1550 mmcn
394 1491 561 1556 Gustavurn
586 1488 688 1552 adiere
717 1489 899 1555 Laurentius
925 1486 1062 1554 Andreae

93 1613 128 1668 et
147 1605 243 1668 Olane
269 1606 373 1683 Petri;
395 1605 508 1670 frastra
534 1607 573 1668 ab
599 1607 655 1668 illo
682 1616 847 1688 rogarunt,
879 1617 915 1668 ut
941 1627 960 1670 a
986 1627 1060 1688 pro·

91 1721 201 1801 posito
236 1721 413 1801 desisteret3
453 1723 567 1791 frustra
593 1733 624 1789 ct
659 1725 712 1785 alii
740 1725 821 1788 idean
847 1719 949 1788 conati
976 1735 1060 1790 sunt.

93 1836 234 1900 Tandem
250 1859 340 1912 vero,
366 1850 402 1905 ut
429 1843 568 1921 sequenti
594 1842 644 1904 die
664 1842 797 1914 rediret,
823 1842 988 1904 Gustavum
1006 1861 1062 1904 ex·

93 1965 236 2021 orarunt.
278 1955 382 2020 Itediit
407 1977 463 2018 rex
490 1969 521 2020 et
538 1968 574 2023 ut
596 1979 681 2022 nune
707 1959 839 2020 leniores
866 1958 976 2020 habuit
993 1975 1061 2018 om-

96 2089 169 2146 ues,
204 2072 250 2134 ita
274 2073 366 2136 facile
402 2075 450 2134 illi
480 2086 662 2154 receperunt
698 2076 904 2150 conditiones,
945 2095 1063 2156 aroge

90 2193 306 2272 praescriptas.
348 2192 444 2255 Erant
462 2201 565 2251 autem
583 2191 656 2254 illae
673 2191 866 2271 hujusmodi:
892 2193 924 2276 1)
944 2203 981 2258 nt
994 2213 1061 2256 om-

91 2325 148 2375 nes
168 2311 298 2376 sueciae
314 2309 435 2372 incolae
460 2309 565 2374 sedare
590 2319 793 2384 conarentur,
816 2331 895 2392 quae
911 2313 1060 2377 oriundae

90 2437 217 2499 essent,
240 2426 422 2492 seditiones:
445 2427 479 2508 2)
501 2438 536 2494 ut
553 2429 658 2508 exigui
674 2430 764 2507 regni
781 2429 900 2493 reditus
917 2431 1057 2492 subleva·

90 2553 223 2618 rentur,
246 2545 419 2610 adhibendo
437 2546 604 2624 superfluos
621 2545 855 2623 Episcoporum,
873 2545 992 2608 aedium
1009 2565 1057 2606 sa-

90 2679 216 2725 crarum
234 2661 459 2728 cathedralium
476 2669 508 2720 et
525 2660 791 2736 monasteriorum,
803 2659 936 2736 reditus,
947 2663 992 2726 ita
1002 2675 1055 2740 ut,

89 2789 258 2860 postquam
295 2777 480 2840 definivisset
506 2795 576 2850 rex,
610 2776 721 2858 quibus
745 2777 866 2838 tandem
895 2779 934 2840 ad
959 2783 1055 2844 vitam

89 2894 322 2956 sustentandam
346 2893 520 2974 indigerent
545 2894 685 2975 Episcopi
701 2904 732 2956 et
751 2897 910 2971 americi,
935 2909 1055 2962 caetera

89 3013 329 3094 rependerent,
352 3048 395 3062 -·
413 3023 511 3094 utque
528 3033 627 3088 arces,
655 3034 730 3095 quas
747 3017 1051 3094 tenneruntClerioi,

90 3137 158 3214 regi
175 3136 412 3198 restituerentur
439 3144 471 3196 et
494 3134 561 3213 regi
585 3143 662 3196 esset
687 3144 819 3215 potestas
846 3137 1054 3216 restringendi

90 3254 343 3316 monasteriorum
359 3251 483 3331 praedia
500 3251 583 3310 etin
600 3249 725 3311 feudum
744 3251 800 3310 illa
819 3251 958 3312 tradendi
983 3255 1051 3313 eui·

90 3387 217 3449 cunque
233 3365 346 3440 vellet3
369 3364 403 3445 3)
424 3373 460 3424 ut
476 3363 595 3424 nobiles
619 3375 835 3443 recuperarent
859 3386 962 3428 oannes
990 3377 1054 3428 ter·

91 3505 158 3563 ras,
183 3505 276 3568 quas,
300 3482 372 3544 inde
389 3501 408 3542 a
423 3481 522 3544 Caroli
537 3481 647 3542 Canuti
664 3491 817 3562 tempore,
839 3484 964 3546 illorum
979 3505 1052 3565 pro·

91 3608 142 3666 avi
160 3601 350 3666 monasteriis
368 3608 400 3660 et
428 3599 552 3661 aedibus
573 3602 603 3663 S.
626 3601 710 3662 vario
735 3601 824 3663 modo
842 3602 1049 3678 tradiderant,

92 3743 129 3786 ea
158 3733 258 3786 tamen
284 3719 477 3794 conditione,
509 3730 546 3784 ut
572 3740 637 3782 rem
658 3740 742 3783 snam
760 3721 821 3783 rite
836 3721 1001 3802 probarent
1019 3730 1052 3784 et

93 3841 236 3903 damnum
261 3840 459 3911 resarcirent,
501 3839 526 3898 si
558 3839 617 3899 ista
643 3839 766 3918 praedia
798 3838 949 3899 Ecclesiae
976 3840 1049 3904 olim

93 3957 218 4020 vendita
234 3958 376 4033 fuissent,
389 3957 439 4019 vel
456 3959 672 4040 oppignerata3
696 3957 729 4040 Is)
751 3967 785 4018 ut
796 3958 911 4040 ubique
923 3959 956 4021 in
973 3961 1049 4022 Sne-

94 4079 140 4140 oia
160 4077 287 4138 verbum
303 4079 457 4152 divinum,
481 4077 520 4139 ab
536 4079 675 4140 omnibus
693 4076 849 4138 hominnm
862 4078 1051 4142 additamen-
