2668 4784
554 311 713 379 ...59-

154 503 251 580 Quum
274 501 314 562 ob
330 520 393 562 rem
424 501 570 562 Gustavus
600 497 742 570 clericis,
764 499 889 578 antiqua
901 500 974 580 jura
992 509 1024 560 et
1041 499 1107 580 pri·

153 620 264 702 vilegia
283 619 322 680 eb
338 618 433 699 ipsius
450 615 656 678 conaminibus
683 615 804 696 integra
822 635 941 676 servare
966 616 1106 678 conanti-

152 738 224 811 bus,
247 737 308 797 alia
326 735 471 818 postelis
489 734 614 814 eripuit.
655 732 766 794 Eodem
788 732 879 794 modo
897 734 930 792 in
949 735 1108 796 Germania

149 855 316 937 anuando
329 855 463 916 Romano
473 888 488 900 ·
498 851 665 916 catholicae
678 850 749 912 fidei
759 861 1013 932 propugnatores,
1024 873 1106 914 sum·

146 992 199 1034 me
219 973 385 1034 tenacitate
402 970 614 1047 defendentes,
635 991 730 1054 quae,
753 971 872 1032 ratione
891 968 1035 1050 temporis
1050 967 1105 1032 ba·

147 1089 245 1162 bita,
266 1089 387 1150 defendi
412 1109 474 1151 non
500 1099 686 1170 potuerunt,
720 1089 902 1160 effecerunt,
935 1098 972 1148 ut
992 1087 1106 1150 Lutbe-

148 1225 203 1266 rus
219 1207 275 1268 illa
293 1208 385 1268 etiam
412 1206 643 1287 aggredientur,
667 1226 746 1288 quae
772 1215 863 1266 antea
888 1204 970 1266 haud
995 1207 1107 1286 attige-

146 1333 197 1398 rat
209 1322 268 1406 (1).
311 1325 370 1386 Res
388 1325 422 1384 in
436 1323 544 1384 suecia
560 1343 624 1382 non
637 1323 727 1384 aliter
744 1343 776 1384 se
789 1323 911 1398 babuit,
935 1345 1031 1408 quum
1048 1326 1106 1388 Ps-

149 1451 219 1502 trus
237 1439 475 1512 Sunuanvr'tder,
504 1439 667 1520 Episcopus
693 1441 874 1519 Arosiensis,
908 1446 1106 1527 antiquorum

148 1559 387 1640 privilegiorum
418 1557 612 1618 abolitionem
647 1577 739 1640 aegre
764 1561 880 1638 ferens,
921 1566 1107 1632 Delectrliae

149 1678 292 1758 inprimis
317 1676 431 1738 incolas
457 1676 687 1740 sollicitavisset.
728 1679 891 1762 Postquam
918 1687 1000 1746 cuim
1028 1687 1106 1748 Gus-

148 1805 238 1856 tavus
255 1794 294 1854 de
311 1813 346 1854 re
365 1795 477 1862 certior
494 1793 592 1854 sactus
606 1793 722 1870 fueret,
747 1796 882 1858 brociam
895 1801 1105 1879 proficisceba-

148 1923 220 1988 tur,
244 1913 350 1993 ibique
367 1913 400 1972 in
417 1912 550 1992 capitulo
569 1912 751 1994 Episcopum
775 1915 958 1994 proditionis
983 1937 1105 1980 acema-

149 2033 209 2092 vit.
232 2032 308 2092 Tum
326 2050 398 2090 vero
417 2031 564 2103 eundem,
588 2032 817 2092 criminrsreum
830 2031 963 2106 factum,
983 2053 1110 2100 munere

149 2168 205 2210 suo
222 2148 366 2230 privavit.
409 2148 503 2224 Cujus
521 2146 728 2208 defensionem
746 2169 841 2228 quum
863 2149 1109 2232 Archi-epiceo-

147 2287 205 2346 pus
215 2264 399 2342 susciperet,
423 2281 588 2342 provocans
606 2266 645 2326 ad
660 2267 678 2326 J
681 2287 714 2328 us
734 2270 934 2345 Canonioum,
947 2293 1009 2352 quo
1018 2274 1105 2352 judi·

149 2385 237 2446 cibus
257 2383 462 2444 sacerdoribus
479 2383 677 2446 interdictum
703 2396 769 2446 erat
788 2387 827 2448 de
848 2389 972 2448 Clericis
990 2390 1106 2466 judici·

149 2525 202 2566 um
228 2503 328 2574 ferre,
362 2521 417 2562 rex
445 2501 626 2580 proditionis
666 2519 753 2560 reum
781 2524 904 2564 censens
933 2507 1109 2589 quicunque

147 2622 338 2704 proditorem
355 2620 532 2680 defenderet
549 2616 615 2698 (2),
639 2617 742 2678 eadem
759 2629 841 2680 sorte
865 2621 1038 2700 impertitus
1064 2635 1110 2694 eet

149 2739 473 2817 Archi-Episcopum,
497 2755 558 2816 qua
580 2734 775 2796 Sunneriider
800 2735 1004 2802 damnaverat.
1045 2744 1108 2810 Nec

151 2859 302 2923 Gustavue
318 2855 371 2916 bio
388 2854 534 2915 substitit.
576 2853 761 2916 Clericorum
779 2858 928 2936 ajudicio
948 2860 1032 2920 civili
1049 2862 1107 2922 im·

147 2976 332 3036 munitatem
357 2973 438 3036 sacto
468 2973 649 3046 sustulerat,
681 2993 764 3036 nunc
790 2995 863 3036 vero
888 2997 924 3039 eo
941 2981 1107 3059 processit,

148 3103 188 3156 ut
208 3094 372 3154 Canonicos
382 3092 523 3172 juberet,
547 3112 579 3150 se
595 3103 768 3170 praesente,
781 3095 875 3157 alium
889 3097 1004 3176 eligere
1020 3099 1107 3178 Epit-

149 3230 281 3290 oopum3
302 3210 442 3289 illisque,
466 3209 506 3270 ob
523 3207 678 3268 defectum
696 3213 832 3272 virorum
859 3211 1009 3289 dignitate
1027 3215 1109 3293 spis·

152 3325 254 3405 copali
291 3335 448 3404 aptorum,
490 3323 759 3400 tergiversantibus
795 3333 953 3408 proposuit
985 3331 1109 3398 Petrum

152 3443 272 3524 Magni,
295 3441 476 3502 monachum
489 3439 731 3504 Vadstcnensem.
774 3443 921 3506 Holmiam
937 3465 1009 3510 vero
1022 3447 1108 3514 deins

192 3683 230 3752 (r)
248 3679 276 3733 J.
291 3679 325 3732 Η.
339 3679 455 3732 Meris
469 3679 692 3750 d’Aubigni,
709 3683 834 3736 Hist.de
849 3682 883 3734 la
899 3685 1108 3753 Reformation

159 3769 197 3821 du
214 3770 351 3820 seizr'e'me
368 3768 472 3822 sie'cle.
492 3768 526 3822 T.
544 3769 577 3834 Ι,
597 3789 624 3838 p.
641 3768 700 3842 595.
721 3768 768 3832 ΙΙ,
785 3789 813 3837 p.
833 3787 876 3841 27.

193 3864 233 3926 (η)
252 3857 356 3910 Etenim
370 3857 454 3910 dixit:
475 3865 524 3909 ate
546 3859 617 3924 den,
646 3875 707 3909 som
731 3857 813 3910 wille
841 3859 941 3930 ujetpa
967 3865 1109 3936 esnethe.

158 3946 446 4016 wistafiimidare,
466 3949 556 4000 mitte
578 3949 653 4021 ajelf
667 3965 749 4002 were
772 3965 807 4000 en
825 3951 995 4019 sdrriidare.
1020 3939 1110 4022 Fri}-

158 4037 249 4104 xcii,
269 4039 287 4091 Ι.
304 4055 367 4108 ep.
382 4038 425 4091 65.
