2668 4784
666 373 829 434 ...70-

278 575 347 640 seps
364 575 479 638 ergene
501 558 632 631 musica,
655 566 785 630 statuas,
807 557 953 636 imagines
971 557 1236 638 aliaqueeedium

277 693 431 738 nernrum
465 684 642 736 ornamenta
675 674 913 751 destruxerunt3
941 674 1053 750 verbo,
1086 675 1237 738 llolmiem

279 794 416 856 tumultu
434 803 466 854 et
483 793 630 854 seditione
647 793 859 874 impleverunt.

320 911 435 974 Turbes
462 923 564 973 autem
591 911 684 973 husee
708 912 791 974 haud
807 911 951 973 sedarunt
968 931 1026 972 neo
1044 911 1132 972 Olaus
1152 913 1240 974 Petri

280 1049 338 1092 nee
352 1030 544 1112 Langerben,
568 1033 762 1112 drepanum,
787 1049 877 1110 quam
896 1037 986 1088 antea
1004 1027 1099 1086 seouti
1113 1025 1242 1088 luerent

283 1149 426 1224 donadei,
452 1149 561 1230 egendi
578 1150 697 1210 ratione
715 1149 852 1230 decepti,
876 1147 939 1206 sive
957 1145 1073 1204 inutra
1099 1145 1160 1206 hoo
1187 1165 1240 1206 oo·

283 1277 408 1339 nentes,
433 1268 496 1328 sive
511 1277 665 1348 sperantes
683 1267 765 1338 sore,
784 1277 836 1340 ut,
859 1266 961 1327 sedato
971 1265 1113 1344 deinceps
1122 1264 1240 1324 tumul·

283 1394 336 1458 tu,
359 1387 456 1464 magis
473 1387 609 1450 eluceret
626 1405 698 1446 vera
724 1385 880 1458 doctrine,
903 1386 967 1444 sire
985 1385 1134 1464 denique,
1157 1380 1242 1462 quod
1328 1387 1332 1437 l

283 1503 480 1564 verisimilius
489 1515 550 1576 est,
569 1505 861 1582 nescioquopavore
876 1503 967 1582 eapti.
989 1502 1151 1581 Postquam
1169 1517 1241 1560 vero

282 1619 433 1682 Gustuvus
450 1621 483 1680 in
502 1621 609 1681 urbem
636 1620 785 1690 redierat,
809 1620 878 1693 hio,
903 1620 1120 1680 tumultuosam
1144 1618 1241 1680 reior-

286 1737 450 1800 mationem
468 1713 553 1820 parvi
572 1739 665 1818 pretii
684 1737 814 1810 duoens,
838 1737 993 1798 (desumet
1011 1736 1189 1816 langenhen
1205 1735 1243 1796 ad

287 1871 320 1912 se
340 1854 474 1934 roserit,
504 1873 562 1916 neo
589 1863 707 1914 tantum
730 1856 802 1934 ipsis
821 1854 861 1915 ob
878 1854 981 1916 oeulos
998 1855 1101 1935 posuit
1120 1857 1243 1916 illorum

287 1971 524 2052 negligentiam,
557 1992 618 2054 quu
640 1971 772 2032 fanatica
799 1971 899 2032 studia
926 1993 988 2032 non
1016 1983 1241 2053 represseraut;
1329 2015 1330 2062 p

287 2105 395 2150 verum
413 2092 505 2152 etiam
522 2092 633 2152 aeriter
651 2091 720 2150 illos
746 2089 953 2169 reprehendit.
996 2091 1073 2152 Tum
1100 2111 1173 2152 vero
1198 2091 1242 2150 ia·
1329 2079 1330 2088 ¹

286 2207 404 2268 netioos
421 2227 522 2268 eoram
540 2229 573 2268 se
591 2211 744 2270 arcessivit
771 2217 803 2268 et
828 2207 1023 2269 vehementer
1045 2209 1078 2268 iu
1102 2210 1173 2270 illos
1196 2209 1243 2268 in·

287 2325 382 2386 rexit.
424 2323 468 2384 Ex
486 2325 523 2384 iis
542 2326 679 2404 rogavit:
703 2337 836 2386 »utrum
854 2328 887 2386 in
908 2346 944 2388 eo
966 2337 1037 2388 vera
1065 2337 1143 2386 esset
1170 2325 1243 2386 reli·
1330 2323 1331 2358 ³

289 2443 358 2524 gio,
383 2442 484 2504 cultus
501 2441 555 2502 llei
575 2461 680 2516 verus,
705 2453 740 2502 ut
764 2443 808 2502 ita
828 2443 1108 2516 tumultuarentur,
1133 2443 1243 2502 debae-

292 2560 459 2624 ohnrentur
477 2571 509 2623 ot
526 2562 686 2636 ruberent,
699 2581 756 2622 neo
773 2562 872 2620 minus
889 2558 1008 2640 plebem
1027 2557 1065 2620 ad
1083 2569 1145 2619 tam
1165 2581 1245 2622 oras·

292 2700 340 2742 sos
368 2682 554 2742 adducerent
581 2699 699 2742 errores
725 2680 928 2760 maximasque
952 2677 1072 2751 turbes,
1095 2687 1131 2736 ut
1158 2697 1246 2738 nemo

292 2797 454 2879 quisquam
471 2797 612 2858 dubitare
637 2806 752 2874 posset,
776 2799 852 2875 quin
870 2797 1039 2858 insanirent
1057 2805 1088 2856 et
1104 2795 1248 2860 daemone

292 2912 530 2998 premerentur?
572 2915 650 2976 llum
667 2915 830 2994 ignoretis,
852 2915 973 2973 nullum
996 2915 1186 2994 propositum
1213 2913 1248 2974 nd

295 3033 409 3094 bonum
426 3033 553 3112 perduoi
570 3051 656 3110 posse
676 3031 782 3104 finem,
811 3031 870 3090 nisi
897 3030 1025 3090 lenitate
1042 3041 1073 3090 et
1091 3032 1198 3092 ordine
1215 3051 1249 3092 eo

294 3145 480 3211 tendamus?
510 3149 587 3210 llum
607 3149 668 3208 rite
684 3167 767 3208 nuno
784 3156 895 3208 cuneta
914 3145 1068 3208 curastis?
1099 3149 1158 3209 Sed
1176 3169 1248 3230 ope·

295 3289 348 3332 rae
365 3267 535 3330 mercedem
553 3267 707 3347 accipietis
718 3267 748 3327 l”
773 3263 834 3348 (l).
875 3265 952 3328 llino
970 3266 1004 3326 in
1031 3286 1182 3328 carcerem
1208 3267 1248 3326 il·

300 3398 556 3420 m-

330 3473 370 3541 (ι)
389 3470 515 3538 Rogavit:
543 3449 660 3518 om'det
684 3482 739 3518 var
761 3482 797 3516 eo
819 3465 1015 3536 saunelyldr'g
1039 3466 1168 3534 religion
1193 3466 1246 3518 oels

293 3559 501 3630 gudsdyrkan,
522 3565 571 3607 ult
589 3556 623 3606 sd
640 3559 778 3615 evdrma,
797 3561 909 3604 etorma
922 3556 976 3606 och
990 3555 1090 3606 bullro
1108 3557 1162 3605 och
1170 3555 1246 3626 siim

286 3647 387 3718 folket
406 3649 418 3696 ι’
436 3655 479 3696 ett
494 3647 527 3696 ed
540 3643 625 3714 gros!
645 3640 789 3694 svdrmerr'
814 3642 869 3690 och
893 3641 1076 3714 oillserelse‚
1096 3648 1247 3713 stringen

295 3737 389 3787 kunde
402 3743 470 3787 veta
489 3739 584 3783 annor
602 3735 639 3780 liu
658 3731 693 3780 de
706 3745 775 3780 voro
796 3731 925 3780 resande
939 3729 992 3780 och
1011 3729 1247 3800 appendas-ligera

179 3880 181 3884 Α
293 3819 422 3874 beeatta.
462 3822 556 3874 Vetere
575 3821 594 3868 1
610 3819 692 3877 idue,
712 3825 758 3866 att
776 3817 853 3868 inter
861 3817 1063 3888 sdretagonde
1086 3817 1142 3868 Iron
1160 3821 1248 3887 seiros

294 3909 348 3958 till
369 3912 464 3981 ndgon
485 3909 544 3981 god
569 3907 663 3967 dudo,
684 3916 756 3959 utun
781 3907 832 3958 der
844 3907 943 3978 [ὅθεν
960 3907 1179 3976 eagtmode'gdet
1195 3909 1248 3958 ord

293 4005 339 4049 att
352 3998 500 4068 ordentlig
516 3997 596 4048 ekick
612 3997 702 4048 med?
718 3998 837 4068 Hafven
854 3997 875 4044 Ι
890 4011 929 4044 uu
946 3992 1007 4044 altr
1021 3993 1075 4044 viil
1095 3993 1247 4046 testum?

293 4091 362 4143 Men
376 4087 397 4136 I
411 4086 512 4136 alcolea
521 4084 563 4152 sd
579 4084 647 4135 eder
670 4085 719 4136 ld'n
745 4085 870 4156 dersdre.
922 4079 1168 4149 strinnhotm,
1188 4085 1207 4136 l.
1223 4103 1247 4136 c.

291 4195 319 4244 p.
335 4177 396 4230 izo.
