2698 4792
670 381 830 442 ..14-

269 585 389 650 mque
405 567 526 644 hostes,
549 569 605 651 qui
630 567 755 629 illorum
773 585 867 629 nuum
893 570 1061 630 alterumve
1077 570 1227 650 aggrede·

268 696 385 750 rentur.
428 688 559 764 Verum,
582 667 677 770 quum
703 689 737 747 in
755 687 827 768 ipsis
846 686 976 748 foederis
998 687 1232 748 mnditionibus

267 805 343 867 tsles
359 817 464 878 erent,
491 807 597 887 quoles
616 805 703 866 brevi
727 805 868 886 litigandi
895 823 996 865 ansam
1022 823 1086 866 nou
1112 815 1231 885 potue-

268 933 343 984 runt
359 945 422 986 non
435 924 595 1005 praebere,
618 923 745 986 dissidia
757 923 830 984 lrine
847 923 1024 984 oriebantur
1037 922 1232 1003 gravissime.

268 1043 404 1116 Etenim,
427 1051 554 1103 sternte
572 1041 643 1102 sede
660 1043 764 1122 regis,
786 1059 804 1102 e
822 1041 922 1102 tribus
937 1042 1055 1121 regnis,
1079 1041 1231 1102 menime

268 1179 430 1236 eonsensu,
452 1179 507 1222 rex
525 1161 681 1240 eligendus
698 1170 781 1232 eret,
800 1160 851 1220 oui
865 1160 1077 1239 grevimimsnn
1090 1167 1157 1219 eret
1165 1159 1230 1218 im·

268 1280 400 1359 positum
427 1279 575 1354 officium,
608 1288 644 1338 ut
661 1276 795 1356 singulas
812 1285 934 1355 gentes,
958 1276 1124 1338 meandum
1143 1279 1229 1338 enti·

269 1414 330 1475 que
346 1394 468 1454 illarum
482 1398 556 1475 jura
573 1407 604 1456 et
621 1395 799 1476 privilegia,
821 1393 1006 1473 gubernaret
1024 1391 1083 1475 (l).
1124 1395 1227 1469 Quum

267 1527 340 1572 vero
357 1510 434 1570 lieni
452 1529 540 1591 saepe
556 1529 642 1590 reges
661 1511 812 1590 eligerent
827 1511 941 1590 ubsque
966 1513 1130 1573 Sneeornm
1149 1531 1226 1573 eon·

265 1645 372 1701 emen,
394 1646 554 1708 quumque
572 1629 605 1688 hi
622 1648 724 1709 reges,
747 1628 901 1687 ranorum
918 1629 1032 1688 anxilio
1046 1631 1129 1703 nixi,
1143 1629 1227 1692 haud

267 1745 444 1806 dubitarent
472 1747 638 1806 Sueeorum
655 1744 817 1826 privilegia
840 1753 872 1804 et
892 1745 962 1824 jura
978 1745 1110 1820 violare,
1132 1747 1226 1808 Sueei

266 1873 375 1925 eontre
400 1863 510 1924 horum
537 1865 635 1924 essent
662 1861 860 1934 tenacissimi,
884 1873 1084 1922 surrexerunt
1101 1863 1225 1943 sibique

266 1993 394 2062 egente
411 2001 465 2042 sue
482 1983 569 2061 regni
587 1982 804 2060 gubernatores
822 1979 992 2059 elegerunt.
1014 1980 1053 2039 In
1066 1979 1131 2054 his,
1149 1999 1224 2060 pree

266 2095 411 2176 eaeteris,
429 2100 573 2162 inclaruit
595 2099 772 2159 Stesiorssm
789 2117 880 2176 gens,
905 2119 983 2178 qnae
1001 2108 1120 2173 sutem,
1143 2119 1221 2178 quo·

264 2221 364 2279 minus
382 2219 536 2297 regnando
552 2227 711 2297 pergeret,
734 2217 893 2296 impedivit
921 2228 1109 2280 caeterorum
1135 2239 1221 2298 meg·

265 2347 372 2399 natum
399 2336 581 2409 Sueeorum,
615 2333 753 2414 inprimis
785 2333 970 2394 Trallianam
988 2333 1054 2416 (2),
1086 2337 1219 2411 invidis,

262 2473 343 2536 quse
359 2453 475 2526 effecit,
498 2462 535 2512 nt
553 2451 666 2513 llaniae
683 2471 769 2530 reges
787 2467 904 2508 summo
931 2449 1060 2508 subinde
1084 2452 1118 2510 in
1141 2452 1222 2512 Sne-

262 2593 314 2635 002
329 2572 458 2652 imperio
472 2547 660 2650 potirentur,
683 2569 779 2630 ‹1011oe
797 2565 918 2628 tandem
938 2565 1100 2626 chunani
1118 2567 1152 2630 11
1171 2577 1221 2646 ty·

262 2691 364 2750 munis
390 2699 512 2768 gentem
542 2689 698 2749 Sueeioam
726 2685 766 2746 ad
792 2705 876 2746 arma
902 2686 1023 2746 roserit
1040 2693 1072 2744 et
1088 2683 1163 2744 hine
1182 2683 1221 2746 ad

262 2807 435 2866 libertatem
451 2804 551 2866 duxit.

304 2925 356 2984 llis
372 2923 562 3003 praemissis,
595 2941 667 3002 ege,
695 2923 760 3000 jam
789 2919 914 2980 Gustavi
932 2919 966 2992 I,
990 2937 1095 2979 rerum
1120 2937 1220 2982 saera·

262 3062 330 3102 rum
345 3043 378 3101 in
396 3041 505 3101 Suesia
521 3041 746 3112 instauratoris,
758 3039 853 3097 vitam
867 3054 1042 3110 narremus,
1055 3056 1117 3118 qus
1131 3055 1219 3096 ener-

263 3171 347 3234 ues,
379 3179 471 3240 qrrem
496 3159 574 3220 bene
600 3159 640 3219 de
664 3159 763 3238 petria
799 3171 853 3213 sua
878 3153 1027 3214 meruerit
1053 3154 1217 3228 Gustum,

261 3277 353 3343 leeile
372 3281 587 3360 intelligemus.

294 3613 332 3680 (ι)
350 3608 394 3662 De
409 3607 577 3662 celeberrimo
588 3607 694 3660 loedere
716 3609 898 3676 Hvitleld,
912 3609 1113 3664 Doumarelrr's
1128 3609 1220 3678 Bigis

259 3699 430 3762 Kro'nioke,
449 3715 474 3766 p.
491 3699 554 3760 6113
572 3695 810 3768 Lagerbring,
829 3701 847 3749 l.
867 3715 891 3750 c.
905 3699 936 3752 Τ.
956 3698 1020 3763 ΙΙΙ,
1040 3715 1065 3749 c.
1080 3717 1114 3770 9,
1131 3701 1148 3768 β
1167 3695 1216 3764 313

259 3804 278 3840 v
306 3785 1216 3862 Delio,l.c.'l'.ll,c.15,§9;Strinnholm‚l.c.'l'.1,

259 3871 1216 3946 p.1;nuhs,1.c.T.1,L.5,5124;Archenholzstrtss.

256 3965 292 4016 de
313 3965 444 4018 Gustaoe
462 3967 576 4030 Waea,
593 3965 662 4017 trad.
677 3983 723 4034 per
737 3965 876 4035 Propino,
894 3963 928 4016 Τ.
949 3961 981 4026 Ι,
999 3981 1026 4032 p.
1045 3980 1103 4036 127.
1129 3960 1217 4018 Ver-

258 4065 295 4108 to
306 4063 335 4120 t,
361 4055 445 4108 Hier.
462 4053 514 4103 des
529 4053 724 4108 Revolutione
739 4053 773 4105 de
794 4055 907 4120 enode,
927 4053 962 4105 T.
979 4051 1012 4116 Ι,
1031 4071 1060 4122 p.
1075 4049 1117 4104 55.

292 4143 331 4218 (ι)
348 4139 392 4196 De
406 4137 448 4195 his
469 4141 577 4198 familiis
595 4129 733 4218 deinceps,
753 4142 813 4200 date
830 4141 1043 4216 opportunitate,
1062 4144 1146 4216 pluro.
