<?xml version="1.0" encoding="UTF-8"?>
<!DOCTYPE html PUBLIC "-//W3C//DTD XHTML 1.0 Transitional//EN"
    "http://www.w3.org/TR/xhtml1/DTD/xhtml1-transitional.dtd">
<html xmlns="http://www.w3.org/1999/xhtml" xml:lang="en" lang="en">
 <head>
  <title>
</title>
<meta http-equiv="Content-Type" content="text/html;charset=utf-8" />
  <meta name='ocr-system' content='tesseract 3.04.00' />
  <meta name='ocr-capabilities' content='ocr_page ocr_carea ocr_par ocr_line ocrx_word'/>
</head>
<body>
  <div class='ocr_page' id='page_1' title='image "./specimenhistorc00rmgoog_0173.png"; bbox 0 0 2690 4790; ppageno 0'>
   <div class='ocr_carea' id='block_1_1' title="bbox 622 363 806 430">
    <p class='ocr_par' dir='ltr' id='par_1_1' title="bbox 622 363 806 430">
     <span class='ocr_line' id='line_1_1' title="bbox 622 363 806 430; baseline -0.011 -1"><span class='ocrx_word' id='word_1_1' title='bbox 622 363 806 430; x_wconf 79' lang='lat' dir='ltr'><strong>-1tt-</strong></span> 
     </span>
    </p>
   </div>
   <div class='ocr_carea' id='block_1_2' title="bbox 238 551 1204 1105">
    <p class='ocr_par' dir='ltr' id='par_1_2' title="bbox 238 551 1204 1105">
     <span class='ocr_line' id='line_1_2' title="bbox 238 551 1202 644; baseline -0.009 -19"><span class='ocrx_word' id='word_1_2' title='bbox 238 561 429 644; x_wconf 76' lang='lat' dir='ltr'><strong>perfloerent.</strong></span> <span class='ocrx_word' id='word_1_3' title='bbox 478 553 558 632; x_wconf 81' lang='lat' dir='ltr'><strong>Quid</strong></span> <span class='ocrx_word' id='word_1_4' title='bbox 585 553 698 616; x_wconf 83' lang='lat' dir='ltr'><strong>mirum</strong></span> <span class='ocrx_word' id='word_1_5' title='bbox 722 553 835 634; x_wconf 66' lang='lat' dir='ltr'><strong>igitur,</strong></span> <span class='ocrx_word' id='word_1_6' title='bbox 875 551 957 614; x_wconf 79' lang='lat' dir='ltr'><strong>vius</strong></span> <span class='ocrx_word' id='word_1_7' title='bbox 991 552 1202 633; x_wconf 67' lang='lat' dir='ltr'><strong>iutegritatem</strong></span> 
     </span>
     <span class='ocr_line' id='line_1_3' title="bbox 241 669 1204 752; baseline -0.008 -10"><span class='ocrx_word' id='word_1_8' title='bbox 241 682 321 742; x_wconf 87' lang='lat' dir='ltr'><strong>inter</strong></span> <span class='ocrx_word' id='word_1_9' title='bbox 339 675 527 740; x_wconf 71' lang='lat' dir='ltr'><strong>Christianos</strong></span> <span class='ocrx_word' id='word_1_10' title='bbox 545 672 687 736; x_wconf 83' lang='lat' dir='ltr'><strong>Sneoioos</strong></span> <span class='ocrx_word' id='word_1_11' title='bbox 706 669 799 752; x_wconf 85' lang='lat' dir='ltr'><strong>hujus</strong></span> <span class='ocrx_word' id='word_1_12' title='bbox 816 672 884 736; x_wconf 73' lang='lat' dir='ltr'><strong>assi</strong></span> <span class='ocrx_word' id='word_1_13' title='bbox 900 670 1093 736; x_wconf 62' lang='lat' dir='ltr'><strong>deiduost</strong></span> <span class='ocrx_word' id='word_1_14' title='bbox 1124 673 1204 750; x_wconf 76' lang='lat' dir='ltr'><strong>Quid</strong></span> 
     </span>
     <span class='ocr_line' id='line_1_4' title="bbox 242 791 1204 874; baseline -0.005 -15"><span class='ocrx_word' id='word_1_15' title='bbox 242 797 372 871; x_wconf 63' lang='lat' dir='ltr'><strong>mirum</strong></span> <span class='ocrx_word' id='word_1_16' title='bbox 392 795 571 868; x_wconf 82' lang='lat' dir='ltr'><strong>seditiones,</strong></span> <span class='ocrx_word' id='word_1_17' title='bbox 598 792 780 866; x_wconf 72' lang='lat' dir='ltr'><strong>homicidis,</strong></span> <span class='ocrx_word' id='word_1_18' title='bbox 803 791 970 866; x_wconf 63' lang='lat' dir='ltr'><strong>adnitens,</strong></span> <span class='ocrx_word' id='word_1_19' title='bbox 992 794 1129 874; x_wconf 77' lang='lat' dir='ltr'><strong>rapinas,</strong></span> <span class='ocrx_word' id='word_1_20' title='bbox 1153 795 1204 854; x_wconf 90' lang='lat' dir='ltr'><strong>in·</strong></span> 
     </span>
     <span class='ocr_line' id='line_1_5' title="bbox 241 909 1203 998; baseline -0.004 -20"><span class='ocrx_word' id='word_1_21' title='bbox 241 915 489 998; x_wconf 71' lang='lat' dir='ltr'><strong>temperantiam,</strong></span> <span class='ocrx_word' id='word_1_22' title='bbox 508 909 789 994; x_wconf 79' lang='lat' dir='ltr'><strong>niiequehorrendn</strong></span> <span class='ocrx_word' id='word_1_23' title='bbox 806 911 942 974; x_wconf 68' lang='lat' dir='ltr'><strong>frehero</strong></span> <span class='ocrx_word' id='word_1_24' title='bbox 957 913 1119 974; x_wconf 81' lang='lat' dir='ltr'><strong>memoriae</strong></span> <span class='ocrx_word' id='word_1_25' title='bbox 1137 921 1203 974; x_wconf 80' lang='lat' dir='ltr'><strong>tre·</strong></span> 
     </span>
     <span class='ocr_line' id='line_1_6' title="bbox 240 1029 1202 1105; baseline -0.002 -11"><span class='ocrx_word' id='word_1_26' title='bbox 240 1029 307 1098; x_wconf 76' lang='lat' dir='ltr'><strong>dits</strong></span> <span class='ocrx_word' id='word_1_27' title='bbox 322 1033 412 1096; x_wconf 76' lang='lat' dir='ltr'><strong>esse?</strong></span> <span class='ocrx_word' id='word_1_28' title='bbox 442 1035 506 1098; x_wconf 76' lang='lat' dir='ltr'><strong>lieo</strong></span> <span class='ocrx_word' id='word_1_29' title='bbox 521 1045 623 1096; x_wconf 81' lang='lat' dir='ltr'><strong>tumen</strong></span> <span class='ocrx_word' id='word_1_30' title='bbox 644 1034 706 1096; x_wconf 90' lang='lat' dir='ltr'><strong>hoo</strong></span> <span class='ocrx_word' id='word_1_31' title='bbox 733 1031 821 1094; x_wconf 81' lang='lat' dir='ltr'><strong>nobis</strong></span> <span class='ocrx_word' id='word_1_32' title='bbox 839 1031 996 1105; x_wconf 81' lang='lat' dir='ltr'><strong>volumus,</strong></span> <span class='ocrx_word' id='word_1_33' title='bbox 1021 1031 1151 1094; x_wconf 84' lang='lat' dir='ltr'><strong>Cierioos</strong></span> <span class='ocrx_word' id='word_1_34' title='bbox 1168 1033 1202 1092; x_wconf 91' lang='lat' dir='ltr'><strong>iu</strong></span> 
     </span>
    </p>
   </div>
   <div class='ocr_carea' id='block_1_3' title="bbox 241 1149 1327 1236">
    <p class='ocr_par' dir='ltr' id='par_1_3' title="bbox 241 1149 1327 1236">
     <span class='ocr_line' id='line_1_7' title="bbox 241 1149 1327 1236; baseline 0.004 -22"><span class='ocrx_word' id='word_1_35' title='bbox 241 1149 291 1214; x_wconf 81' lang='lat' dir='ltr'><strong>his</strong></span> <span class='ocrx_word' id='word_1_36' title='bbox 316 1152 517 1236; x_wconf 60' lang='lat' dir='ltr'><strong>“stirpandis</strong></span> <span class='ocrx_word' id='word_1_37' title='bbox 541 1153 626 1222; x_wconf 74' lang='lat' dir='ltr'><strong>vitiis</strong></span> <span class='ocrx_word' id='word_1_38' title='bbox 652 1152 736 1214; x_wconf 85' lang='lat' dir='ltr'><strong>omni</strong></span> <span class='ocrx_word' id='word_1_39' title='bbox 757 1149 847 1215; x_wconf 79' lang='lat' dir='ltr'><strong>leude</strong></span> <span class='ocrx_word' id='word_1_40' title='bbox 873 1169 938 1212; x_wconf 85' lang='lat' dir='ltr'><strong>esse</strong></span> <span class='ocrx_word' id='word_1_41' title='bbox 963 1149 1204 1228; x_wconf 75' lang='lat' dir='ltr'><strong>defmudnndos3</strong></span> <span class='ocrx_word' id='word_1_42' title='bbox 1326 1165 1327 1218; x_wconf 67' lang='grc'><strong>1</strong></span> 
     </span>
    </p>
   </div>
   <div class='ocr_carea' id='block_1_4' title="bbox 242 1267 1207 1471">
    <p class='ocr_par' dir='ltr' id='par_1_4' title="bbox 242 1267 1207 1471">
     <span class='ocr_line' id='line_1_8' title="bbox 242 1267 1207 1352; baseline -0.002 -22"><span class='ocrx_word' id='word_1_43' title='bbox 242 1267 297 1330; x_wconf 88' lang='lat' dir='ltr'><strong>ubi</strong></span> <span class='ocrx_word' id='word_1_44' title='bbox 315 1271 398 1332; x_wconf 85' lang='lat' dir='ltr'><strong>enim</strong></span> <span class='ocrx_word' id='word_1_45' title='bbox 414 1270 589 1352; x_wconf 84' lang='lat' dir='ltr'><strong>hujusmodi</strong></span> <span class='ocrx_word' id='word_1_46' title='bbox 606 1289 713 1344; x_wconf 83' lang='lat' dir='ltr'><strong>ouree,</strong></span> <span class='ocrx_word' id='word_1_47' title='bbox 736 1269 772 1330; x_wconf 88' lang='lat' dir='ltr'><strong>in</strong></span> <span class='ocrx_word' id='word_1_48' title='bbox 788 1269 880 1331; x_wconf 78' lang='lat' dir='ltr'><strong>variis</strong></span> <span class='ocrx_word' id='word_1_49' title='bbox 897 1267 1041 1341; x_wconf 79' lang='lat' dir='ltr'><strong>decretis,</strong></span> <span class='ocrx_word' id='word_1_50' title='bbox 1065 1268 1207 1328; x_wconf 88' lang='lat' dir='ltr'><strong>testimo·</strong></span> 
     </span>
     <span class='ocr_line' id='line_1_9' title="bbox 242 1384 1206 1471; baseline -0.007 -18"><span class='ocrx_word' id='word_1_51' title='bbox 242 1390 294 1453; x_wconf 80' lang='lat' dir='ltr'><strong>nis</strong></span> <span class='ocrx_word' id='word_1_52' title='bbox 308 1389 437 1464; x_wconf 77' lang='lat' dir='ltr'><strong>adsunt,</strong></span> <span class='ocrx_word' id='word_1_53' title='bbox 461 1390 537 1470; x_wconf 84' lang='lat' dir='ltr'><strong>quid</strong></span> <span class='ocrx_word' id='word_1_54' title='bbox 554 1409 629 1471; x_wconf 88' lang='lat' dir='ltr'><strong>opus</strong></span> <span class='ocrx_word' id='word_1_55' title='bbox 642 1397 691 1451; x_wconf 88' lang='lat' dir='ltr'><strong>est</strong></span> <span class='ocrx_word' id='word_1_56' title='bbox 707 1384 834 1450; x_wconf 61' lang='lat' dir='ltr'><strong>verbu?</strong></span> <span class='ocrx_word' id='word_1_57' title='bbox 876 1386 936 1448; x_wconf 82' lang='lat' dir='ltr'><strong>Sed</strong></span> <span class='ocrx_word' id='word_1_58' title='bbox 952 1386 1011 1448; x_wconf 87' lang='lat' dir='ltr'><strong>hoo</strong></span> <span class='ocrx_word' id='word_1_59' title='bbox 1027 1384 1112 1456; x_wconf 84' lang='lat' dir='ltr'><strong>dieo,</strong></span> <span class='ocrx_word' id='word_1_60' title='bbox 1135 1385 1206 1446; x_wconf 84' lang='lat' dir='ltr'><strong>Gle-</strong></span> 
     </span>
    </p>
   </div>
   <div class='ocr_carea' id='block_1_5' title="bbox 243 1503 1205 1586">
    <p class='ocr_par' dir='ltr' id='par_1_5' title="bbox 243 1503 1327 1588">
     <span class='ocr_line' id='line_1_10' title="bbox 243 1503 1205 1586; baseline 0 -19"><span class='ocrx_word' id='word_1_61' title='bbox 243 1503 378 1567; x_wconf 87' lang='lat' dir='ltr'><strong>rioorum</strong></span> <span class='ocrx_word' id='word_1_62' title='bbox 392 1504 722 1584; x_wconf 56' lang='lat' dir='ltr'><strong>wgiundirrtionm</strong></span> <span class='ocrx_word' id='word_1_63' title='bbox 740 1525 803 1586; x_wconf 77' lang='lat' dir='ltr'><strong>qus</strong></span> <span class='ocrx_word' id='word_1_64' title='bbox 820 1504 1057 1568; x_wconf 77' lang='lat' dir='ltr'><strong>Christianorum</strong></span> <span class='ocrx_word' id='word_1_65' title='bbox 1074 1503 1205 1576; x_wconf 83' lang='lat' dir='ltr'><strong>domini,</strong></span> 
     </span>
    </p>
   </div>
   <div class='ocr_carea' id='block_1_6' title="bbox 235 1621 1225 3831">
    <p class='ocr_par' dir='ltr' id='par_1_6' title="bbox 235 1621 1225 3831">
     <span class='ocr_line' id='line_1_11' title="bbox 243 1621 1209 1703; baseline 0 -21"><span class='ocrx_word' id='word_1_66' title='bbox 243 1641 335 1702; x_wconf 81' lang='lat' dir='ltr'><strong>quum</strong></span> <span class='ocrx_word' id='word_1_67' title='bbox 351 1621 492 1684; x_wconf 79' lang='lat' dir='ltr'><strong>doctores</strong></span> <span class='ocrx_word' id='word_1_68' title='bbox 509 1623 609 1686; x_wconf 80' lang='lat' dir='ltr'><strong>videri</strong></span> <span class='ocrx_word' id='word_1_69' title='bbox 624 1625 799 1686; x_wconf 84' lang='lat' dir='ltr'><strong>meluerunt</strong></span> <span class='ocrx_word' id='word_1_70' title='bbox 816 1622 989 1703; x_wconf 77' lang='lat' dir='ltr'><strong>horumque</strong></span> <span class='ocrx_word' id='word_1_71' title='bbox 1006 1623 1209 1702; x_wconf 64' lang='lat' dir='ltr'><strong>neglexerunt</strong></span> 
     </span>
     <span class='ocr_line' id='line_1_12' title="bbox 242 1737 1207 1817; baseline 0 -17"><span class='ocrx_word' id='word_1_72' title='bbox 242 1739 485 1815; x_wconf 86' lang='lat' dir='ltr'><strong>institutionem,</strong></span> <span class='ocrx_word' id='word_1_73' title='bbox 509 1759 630 1802; x_wconf 70' lang='lat' dir='ltr'><strong>esuum</strong></span> <span class='ocrx_word' id='word_1_74' title='bbox 644 1743 754 1817; x_wconf 65' lang='lat' dir='ltr'><strong>tonse,</strong></span> <span class='ocrx_word' id='word_1_75' title='bbox 778 1761 834 1804; x_wconf 88' lang='lat' dir='ltr'><strong>our</strong></span> <span class='ocrx_word' id='word_1_76' title='bbox 852 1741 992 1803; x_wconf 78' lang='lat' dir='ltr'><strong>saluteris</strong></span> <span class='ocrx_word' id='word_1_77' title='bbox 1012 1739 1127 1800; x_wconf 88' lang='lat' dir='ltr'><strong>Christi</strong></span> <span class='ocrx_word' id='word_1_78' title='bbox 1135 1737 1207 1800; x_wconf 84' lang='lat' dir='ltr'><strong>doo-</strong></span> 
     </span>
     <span class='ocr_line' id='line_1_13' title="bbox 248 1857 1208 1936; baseline -0.001 -18"><span class='ocrx_word' id='word_1_79' title='bbox 248 1858 330 1920; x_wconf 83' lang='lat' dir='ltr'><strong>trina</strong></span> <span class='ocrx_word' id='word_1_80' title='bbox 346 1877 408 1920; x_wconf 91' lang='lat' dir='ltr'><strong>non</strong></span> <span class='ocrx_word' id='word_1_81' title='bbox 426 1858 511 1920; x_wconf 84' lang='lat' dir='ltr'><strong>illem</strong></span> <span class='ocrx_word' id='word_1_82' title='bbox 528 1858 670 1922; x_wconf 75' lang='lat' dir='ltr'><strong>hebuerit</strong></span> <span class='ocrx_word' id='word_1_83' title='bbox 687 1861 749 1920; x_wconf 86' lang='lat' dir='ltr'><strong>vim</strong></span> <span class='ocrx_word' id='word_1_84' title='bbox 766 1861 801 1920; x_wconf 92' lang='lat' dir='ltr'><strong>in</strong></span> <span class='ocrx_word' id='word_1_85' title='bbox 818 1860 983 1920; x_wconf 85' lang='lat' dir='ltr'><strong>Sueoorum</strong></span> <span class='ocrx_word' id='word_1_86' title='bbox 996 1857 1107 1930; x_wconf 80' lang='lat' dir='ltr'><strong>vitun,</strong></span> <span class='ocrx_word' id='word_1_87' title='bbox 1120 1875 1208 1936; x_wconf 83' lang='lat' dir='ltr'><strong>qnam</strong></span> 
     </span>
     <span class='ocr_line' id='line_1_14' title="bbox 247 1976 1210 2059; baseline 0 -23"><span class='ocrx_word' id='word_1_88' title='bbox 247 1993 285 2036; x_wconf 85' lang='lat' dir='ltr'><strong>ex</strong></span> <span class='ocrx_word' id='word_1_89' title='bbox 302 1976 407 2039; x_wconf 87' lang='lat' dir='ltr'><strong>indole</strong></span> <span class='ocrx_word' id='word_1_90' title='bbox 425 1997 480 2040; x_wconf 81' lang='lat' dir='ltr'><strong>sue</strong></span> <span class='ocrx_word' id='word_1_91' title='bbox 495 1977 609 2038; x_wconf 84' lang='lat' dir='ltr'><strong>hebere</strong></span> <span class='ocrx_word' id='word_1_92' title='bbox 626 1978 781 2059; x_wconf 87' lang='lat' dir='ltr'><strong>potuisset.</strong></span> <span class='ocrx_word' id='word_1_93' title='bbox 810 1977 971 2038; x_wconf 77' lang='lat' dir='ltr'><strong>Praeterea</strong></span> <span class='ocrx_word' id='word_1_94' title='bbox 987 1995 1078 2049; x_wconf 80' lang='lat' dir='ltr'><strong>voro,</strong></span> <span class='ocrx_word' id='word_1_95' title='bbox 1103 1994 1210 2056; x_wconf 83' lang='lat' dir='ltr'><strong>quem·</strong></span> 
     </span>
     <span class='ocr_line' id='line_1_15' title="bbox 235 2093 1211 2174; baseline 0.001 -21"><span class='ocrx_word' id='word_1_96' title='bbox 235 2093 293 2154; x_wconf 76' lang='lat' dir='ltr'><strong>¹vis</strong></span> <span class='ocrx_word' id='word_1_97' title='bbox 310 2094 393 2156; x_wconf 82' lang='lat' dir='ltr'><strong>houd</strong></span> <span class='ocrx_word' id='word_1_98' title='bbox 409 2095 547 2158; x_wconf 75' lang='lat' dir='ltr'><strong>deessent</strong></span> <span class='ocrx_word' id='word_1_99' title='bbox 564 2097 692 2170; x_wconf 81' lang='lat' dir='ltr'><strong>Clerici,</strong></span> <span class='ocrx_word' id='word_1_100' title='bbox 709 2095 749 2158; x_wconf 91' lang='lat' dir='ltr'><strong>ob</strong></span> <span class='ocrx_word' id='word_1_101' title='bbox 766 2096 847 2158; x_wconf 78' lang='lat' dir='ltr'><strong>vitre</strong></span> <span class='ocrx_word' id='word_1_102' title='bbox 861 2095 1071 2174; x_wconf 67' lang='lat' dir='ltr'><strong>integritatem</strong></span> <span class='ocrx_word' id='word_1_103' title='bbox 1084 2094 1211 2155; x_wconf 79' lang='lat' dir='ltr'><strong>leuden-</strong></span> 
     </span>
     <span class='ocr_line' id='line_1_16' title="bbox 248 2210 1209 2294; baseline 0.003 -24"><span class='ocrx_word' id='word_1_104' title='bbox 248 2210 298 2284; x_wconf 85' lang='lat' dir='ltr'><strong>di,</strong></span> <span class='ocrx_word' id='word_1_105' title='bbox 322 2211 372 2270; x_wconf 84' lang='lat' dir='ltr'><strong>vel</strong></span> <span class='ocrx_word' id='word_1_106' title='bbox 390 2212 433 2272; x_wconf 88' lang='lat' dir='ltr'><strong>sio</strong></span> <span class='ocrx_word' id='word_1_107' title='bbox 451 2222 553 2274; x_wconf 80' lang='lat' dir='ltr'><strong>temen</strong></span> <span class='ocrx_word' id='word_1_108' title='bbox 570 2214 787 2294; x_wconf 87' lang='lat' dir='ltr'><strong>plerorumque</strong></span> <span class='ocrx_word' id='word_1_109' title='bbox 805 2215 868 2276; x_wconf 81' lang='lat' dir='ltr'><strong>viu</strong></span> <span class='ocrx_word' id='word_1_110' title='bbox 882 2215 927 2276; x_wconf 83' lang='lat' dir='ltr'><strong>itu</strong></span> <span class='ocrx_word' id='word_1_111' title='bbox 940 2223 1009 2274; x_wconf 81' lang='lat' dir='ltr'><strong>erut</strong></span> <span class='ocrx_word' id='word_1_112' title='bbox 1023 2221 1209 2294; x_wconf 75' lang='lat' dir='ltr'><strong>oompnrutn,</strong></span> 
     </span>
     <span class='ocr_line' id='line_1_17' title="bbox 251 2326 1213 2411; baseline 0.001 -23"><span class='ocrx_word' id='word_1_113' title='bbox 251 2337 288 2388; x_wconf 92' lang='lat' dir='ltr'><strong>ut</strong></span> <span class='ocrx_word' id='word_1_114' title='bbox 304 2326 343 2388; x_wconf 91' lang='lat' dir='ltr'><strong>de</strong></span> <span class='ocrx_word' id='word_1_115' title='bbox 361 2327 409 2386; x_wconf 89' lang='lat' dir='ltr'><strong>his</strong></span> <span class='ocrx_word' id='word_1_116' title='bbox 427 2327 599 2407; x_wconf 84' lang='lat' dir='ltr'><strong>exemplum</strong></span> <span class='ocrx_word' id='word_1_117' title='bbox 618 2349 727 2409; x_wconf 84' lang='lat' dir='ltr'><strong>oepere</strong></span> <span class='ocrx_word' id='word_1_118' title='bbox 743 2350 806 2390; x_wconf 89' lang='lat' dir='ltr'><strong>non</strong></span> <span class='ocrx_word' id='word_1_119' title='bbox 824 2341 946 2410; x_wconf 77' lang='lat' dir='ltr'><strong>possent</strong></span> <span class='ocrx_word' id='word_1_120' title='bbox 964 2330 1056 2392; x_wconf 84' lang='lat' dir='ltr'><strong>Lnioi.</strong></span> <span class='ocrx_word' id='word_1_121' title='bbox 1086 2330 1125 2392; x_wconf 88' lang='lat' dir='ltr'><strong>Et</strong></span> <span class='ocrx_word' id='word_1_122' title='bbox 1141 2333 1213 2411; x_wconf 90' lang='lat' dir='ltr'><strong>qui·</strong></span> 
     </span>
     <span class='ocr_line' id='line_1_18' title="bbox 251 2443 1213 2528; baseline 0.004 -22"><span class='ocrx_word' id='word_1_123' title='bbox 251 2444 321 2506; x_wconf 85' lang='lat' dir='ltr'><strong>dem</strong></span> <span class='ocrx_word' id='word_1_124' title='bbox 339 2443 487 2526; x_wconf 83' lang='lat' dir='ltr'><strong>Papnrum</strong></span> <span class='ocrx_word' id='word_1_125' title='bbox 506 2445 664 2520; x_wconf 84' lang='lat' dir='ltr'><strong>instituta,</strong></span> <span class='ocrx_word' id='word_1_126' title='bbox 688 2446 882 2528; x_wconf 78' lang='lat' dir='ltr'><strong>aliquatenus</strong></span> <span class='ocrx_word' id='word_1_127' title='bbox 899 2449 1023 2522; x_wconf 82' lang='lat' dir='ltr'><strong>saltem,</strong></span> <span class='ocrx_word' id='word_1_128' title='bbox 1047 2450 1092 2510; x_wconf 88' lang='lat' dir='ltr'><strong>rei</strong></span> <span class='ocrx_word' id='word_1_129' title='bbox 1110 2467 1213 2510; x_wconf 80' lang='lat' dir='ltr'><strong>ansam</strong></span> 
     </span>
     <span class='ocr_line' id='line_1_19' title="bbox 252 2561 1215 2646; baseline 0.001 -20"><span class='ocrx_word' id='word_1_130' title='bbox 252 2564 470 2646; x_wconf 74' lang='lat' dir='ltr'><strong>praebuerunt.</strong></span> <span class='ocrx_word' id='word_1_131' title='bbox 512 2561 590 2624; x_wconf 81' lang='lat' dir='ltr'><strong>Itum</strong></span> <span class='ocrx_word' id='word_1_132' title='bbox 607 2565 688 2624; x_wconf 87' lang='lat' dir='ltr'><strong>enim</strong></span> <span class='ocrx_word' id='word_1_133' title='bbox 706 2575 738 2628; x_wconf 88' lang='lat' dir='ltr'><strong>et</strong></span> <span class='ocrx_word' id='word_1_134' title='bbox 756 2565 871 2626; x_wconf 84' lang='lat' dir='ltr'><strong>divitiis</strong></span> <span class='ocrx_word' id='word_1_135' title='bbox 889 2567 1077 2646; x_wconf 72' lang='lat' dir='ltr'><strong>augebantur</strong></span> <span class='ocrx_word' id='word_1_136' title='bbox 1092 2576 1127 2625; x_wconf 89' lang='lat' dir='ltr'><strong>et</strong></span> <span class='ocrx_word' id='word_1_137' title='bbox 1145 2587 1215 2627; x_wconf 78' lang='lat' dir='ltr'><strong>oae-</strong></span> 
     </span>
     <span class='ocr_line' id='line_1_20' title="bbox 254 2683 1218 2764; baseline -0.002 -18"><span class='ocrx_word' id='word_1_138' title='bbox 254 2684 443 2746; x_wconf 86' lang='lat' dir='ltr'><strong>iibesvivere</strong></span> <span class='ocrx_word' id='word_1_139' title='bbox 459 2683 627 2756; x_wconf 78' lang='lat' dir='ltr'><strong>debebant,</strong></span> <span class='ocrx_word' id='word_1_140' title='bbox 648 2703 706 2746; x_wconf 91' lang='lat' dir='ltr'><strong>neo</strong></span> <span class='ocrx_word' id='word_1_141' title='bbox 722 2685 782 2745; x_wconf 89' lang='lat' dir='ltr'><strong>nisi</strong></span> <span class='ocrx_word' id='word_1_142' title='bbox 800 2705 818 2746; x_wconf 83' lang='lat' dir='ltr'>a</span> <span class='ocrx_word' id='word_1_143' title='bbox 830 2685 987 2764; x_wconf 86' lang='lat' dir='ltr'><strong>judioibus</strong></span> <span class='ocrx_word' id='word_1_144' title='bbox 1001 2684 1218 2747; x_wconf 75' lang='lat' dir='ltr'><strong>Ecclesiastieis</strong></span> 
     </span>
     <span class='ocr_line' id='line_1_21' title="bbox 252 2801 1217 2882; baseline -0.002 -16"><span class='ocrx_word' id='word_1_145' title='bbox 252 2801 487 2882; x_wconf 73' lang='lat' dir='ltr'><strong>judicabantur,</strong></span> <span class='ocrx_word' id='word_1_146' title='bbox 511 2821 573 2862; x_wconf 88' lang='lat' dir='ltr'><strong>non</strong></span> <span class='ocrx_word' id='word_1_147' title='bbox 591 2801 658 2860; x_wconf 87' lang='lat' dir='ltr'><strong>fieri</strong></span> <span class='ocrx_word' id='word_1_148' title='bbox 676 2819 738 2860; x_wconf 87' lang='lat' dir='ltr'><strong>non</strong></span> <span class='ocrx_word' id='word_1_149' title='bbox 755 2802 872 2880; x_wconf 83' lang='lat' dir='ltr'><strong>potuit,</strong></span> <span class='ocrx_word' id='word_1_150' title='bbox 897 2804 974 2881; x_wconf 88' lang='lat' dir='ltr'><strong>quin</strong></span> <span class='ocrx_word' id='word_1_151' title='bbox 1001 2804 1095 2864; x_wconf 82' lang='lat' dir='ltr'><strong>vitam</strong></span> <span class='ocrx_word' id='word_1_152' title='bbox 1122 2803 1217 2864; x_wconf 87' lang='lat' dir='ltr'><strong>duee-</strong></span> 
     </span>
     <span class='ocr_line' id='line_1_22' title="bbox 255 2917 1220 2993; baseline -0.001 -10"><span class='ocrx_word' id='word_1_153' title='bbox 255 2932 328 2984; x_wconf 87' lang='lat' dir='ltr'><strong>rent</strong></span> <span class='ocrx_word' id='word_1_154' title='bbox 345 2922 444 2982; x_wconf 88' lang='lat' dir='ltr'><strong>minus</strong></span> <span class='ocrx_word' id='word_1_155' title='bbox 471 2919 638 2980; x_wconf 82' lang='lat' dir='ltr'><strong>honestem.</strong></span> <span class='ocrx_word' id='word_1_156' title='bbox 682 2917 769 2993; x_wconf 84' lang='lat' dir='ltr'><strong>Quod</strong></span> <span class='ocrx_word' id='word_1_157' title='bbox 786 2928 822 2980; x_wconf 88' lang='lat' dir='ltr'><strong>ut</strong></span> <span class='ocrx_word' id='word_1_158' title='bbox 839 2927 928 2981; x_wconf 81' lang='lat' dir='ltr'><strong>antee</strong></span> <span class='ocrx_word' id='word_1_159' title='bbox 946 2920 985 2980; x_wconf 84' lang='lat' dir='ltr'><strong>de</strong></span> <span class='ocrx_word' id='word_1_160' title='bbox 1002 2920 1220 2982; x_wconf 87' lang='lat' dir='ltr'><strong>nonnullorum</strong></span> 
     </span>
     <span class='ocr_line' id='line_1_23' title="bbox 258 3035 1219 3116; baseline 0 -18"><span class='ocrx_word' id='word_1_161' title='bbox 258 3039 393 3098; x_wconf 87' lang='lat' dir='ltr'><strong>moribus</strong></span> <span class='ocrx_word' id='word_1_162' title='bbox 411 3039 600 3108; x_wconf 87' lang='lat' dir='ltr'><strong>monuimus,</strong></span> <span class='ocrx_word' id='word_1_163' title='bbox 623 3037 666 3094; x_wconf 81' lang='lat' dir='ltr'><strong>ite</strong></span> <span class='ocrx_word' id='word_1_164' title='bbox 685 3035 724 3096; x_wconf 89' lang='lat' dir='ltr'><strong>de</strong></span> <span class='ocrx_word' id='word_1_165' title='bbox 741 3037 958 3116; x_wconf 86' lang='lat' dir='ltr'><strong>plerorumque</strong></span> <span class='ocrx_word' id='word_1_166' title='bbox 973 3039 1159 3101; x_wconf 85' lang='lat' dir='ltr'><strong>Clerioorum</strong></span> <span class='ocrx_word' id='word_1_167' title='bbox 1173 3039 1219 3098; x_wconf 84' lang='lat' dir='ltr'><strong>vi-</strong></span> 
     </span>
     <span class='ocr_line' id='line_1_24' title="bbox 260 3147 1221 3240; baseline 0.001 -22"><span class='ocrx_word' id='word_1_168' title='bbox 260 3165 292 3218; x_wconf 81' lang='lat' dir='ltr'><strong>ta</strong></span> <span class='ocrx_word' id='word_1_169' title='bbox 308 3155 342 3216; x_wconf 89' lang='lat' dir='ltr'><strong>in</strong></span> <span class='ocrx_word' id='word_1_170' title='bbox 358 3152 534 3232; x_wconf 74' lang='lat' dir='ltr'><strong>regionibus</strong></span> <span class='ocrx_word' id='word_1_171' title='bbox 551 3151 689 3232; x_wconf 82' lang='lat' dir='ltr'><strong>Europae</strong></span> <span class='ocrx_word' id='word_1_172' title='bbox 706 3154 1012 3234; x_wconf 78' lang='lat' dir='ltr'><strong>septentrionalibus,</strong></span> <span class='ocrx_word' id='word_1_173' title='bbox 1030 3157 1111 3218; x_wconf 89' lang='lat' dir='ltr'><strong>idem</strong></span> <span class='ocrx_word' id='word_1_174' title='bbox 1128 3147 1221 3240; x_wconf 81' lang='lat' dir='ltr'><strong>eppe-</strong></span> 
     </span>
     <span class='ocr_line' id='line_1_25' title="bbox 262 3270 1222 3358; baseline 0.004 -24"><span class='ocrx_word' id='word_1_175' title='bbox 262 3285 311 3338; x_wconf 88' lang='lat' dir='ltr'><strong>ret</strong></span> <span class='ocrx_word' id='word_1_176' title='bbox 336 3294 354 3334; x_wconf 89' lang='lat' dir='ltr'><strong>e</strong></span> <span class='ocrx_word' id='word_1_177' title='bbox 380 3272 555 3334; x_wconf 88' lang='lat' dir='ltr'><strong>testimonio</strong></span> <span class='ocrx_word' id='word_1_178' title='bbox 582 3270 793 3334; x_wconf 87' lang='lat' dir='ltr'><strong>Theodori</strong></span> <span class='ocrx_word' id='word_1_179' title='bbox 813 3292 830 3335; x_wconf 80' lang='lat' dir='ltr'><strong>o</strong></span> <span class='ocrx_word' id='word_1_180' title='bbox 848 3273 961 3334; x_wconf 85' lang='lat' dir='ltr'><strong>Niom</strong></span> <span class='ocrx_word' id='word_1_181' title='bbox 983 3274 1018 3356; x_wconf 68' lang='grc' dir='ltr'><strong>(Τ</strong></span> <span class='ocrx_word' id='word_1_182' title='bbox 1039 3276 1150 3358; x_wconf 67' lang='lat' dir='ltr'><strong>1t17t:</strong></span> <span class='ocrx_word' id='word_1_183' title='bbox 1174 3277 1222 3337; x_wconf 83' lang='lat' dir='ltr'><strong>De</strong></span> 
     </span>
     <span class='ocr_line' id='line_1_26' title="bbox 261 3391 1225 3472; baseline 0.002 -20"><span class='ocrx_word' id='word_1_184' title='bbox 261 3413 344 3454; x_wconf 83' lang='lat' dir='ltr'><strong>mors</strong></span> <span class='ocrx_word' id='word_1_185' title='bbox 366 3411 421 3452; x_wconf 78' lang='lat' dir='ltr'><strong>serr</strong></span> <span class='ocrx_word' id='word_1_186' title='bbox 449 3391 675 3452; x_wconf 76' lang='lat' dir='ltr'><strong>comustuds&#39;rse</strong></span> <span class='ocrx_word' id='word_1_187' title='bbox 700 3391 738 3450; x_wconf 79' lang='lat' dir='ltr'><strong>irs</strong></span> <span class='ocrx_word' id='word_1_188' title='bbox 765 3392 922 3472; x_wconf 74' lang='lat' dir='ltr'><strong>Noroaps‘o</strong></span> <span class='ocrx_word' id='word_1_189' title='bbox 952 3393 1067 3454; x_wconf 77' lang='lat' dir='ltr'><strong>Cierios‘</strong></span> <span class='ocrx_word' id='word_1_190' title='bbox 1085 3407 1116 3455; x_wconf 80' lang='lat' dir='ltr'><strong>et</strong></span> <span class='ocrx_word' id='word_1_191' title='bbox 1136 3395 1225 3456; x_wconf 80' lang='lat' dir='ltr'><strong>Loios‘</strong></span> 
     </span>
     <span class='ocr_line' id='line_1_27' title="bbox 262 3507 1222 3596; baseline 0.006 -28"><span class='ocrx_word' id='word_1_192' title='bbox 262 3508 373 3570; x_wconf 79' lang='lat' dir='ltr'><strong>hibunt</strong></span> <span class='ocrx_word' id='word_1_193' title='bbox 388 3507 430 3568; x_wconf 84' lang='lat' dir='ltr'><strong>od</strong></span> <span class='ocrx_word' id='word_1_194' title='bbox 448 3508 575 3568; x_wconf 74' lang='lat' dir='ltr'><strong>haustus</strong></span> <span class='ocrx_word' id='word_1_195' title='bbox 594 3509 735 3588; x_wconf 74' lang='lat' dir='ltr'><strong>aequales</strong></span> <span class='ocrx_word' id='word_1_196' title='bbox 754 3519 784 3567; x_wconf 81' lang='lat' dir='ltr'><strong>or</strong></span> <span class='ocrx_word' id='word_1_197' title='bbox 802 3513 870 3572; x_wconf 79' lang='lat' dir='ltr'><strong>rss&#39;ss&#39;</strong></span> <span class='ocrx_word' id='word_1_198' title='bbox 884 3533 978 3594; x_wconf 80' lang='lat' dir='ltr'><strong>sopor</strong></span> <span class='ocrx_word' id='word_1_199' title='bbox 1004 3517 1126 3576; x_wconf 81' lang='lat' dir='ltr'><strong>modum</strong></span> <span class='ocrx_word' id='word_1_200' title='bbox 1155 3515 1222 3596; x_wconf 74' lang='lat' dir='ltr'><strong>quis</strong></span> 
     </span>
     <span class='ocr_line' id='line_1_28' title="bbox 263 3626 1224 3714; baseline 0.008 -30"><span class='ocrx_word' id='word_1_201' title='bbox 263 3626 441 3686; x_wconf 75' lang='lat' dir='ltr'><strong>inebrietur</strong></span> <span class='ocrx_word' id='word_1_202' title='bbox 465 3627 633 3700; x_wconf 70' lang='lat' dir='ltr'><strong>cerevisia,</strong></span> <span class='ocrx_word' id='word_1_203' title='bbox 653 3637 728 3708; x_wconf 80' lang='lat' dir='ltr'><strong>potu</strong></span> <span class='ocrx_word' id='word_1_204' title='bbox 757 3639 854 3703; x_wconf 81' lang='lat' dir='ltr'><strong>cocto,</strong></span> <span class='ocrx_word' id='word_1_205' title='bbox 879 3642 954 3692; x_wconf 77' lang='lat' dir='ltr'><strong>turre</strong></span> <span class='ocrx_word' id='word_1_206' title='bbox 974 3653 1038 3693; x_wconf 74' lang='lat' dir='ltr'><strong>nors</strong></span> <span class='ocrx_word' id='word_1_207' title='bbox 1053 3645 1177 3714; x_wconf 78' lang='lat' dir='ltr'><strong>reputet</strong></span> <span class='ocrx_word' id='word_1_208' title='bbox 1192 3655 1224 3694; x_wconf 82' lang='lat' dir='ltr'><strong>se</strong></span> 
     </span>
     <span class='ocr_line' id='line_1_29' title="bbox 266 3741 1224 3831; baseline 0.011 -31"><span class='ocrx_word' id='word_1_209' title='bbox 266 3741 388 3805; x_wconf 77' lang='lat' dir='ltr'><strong>boatum</strong></span> <span class='ocrx_word' id='word_1_210' title='bbox 406 3755 437 3804; x_wconf 80' lang='lat' dir='ltr'><strong>et</strong></span> <span class='ocrx_word' id='word_1_211' title='bbox 455 3745 553 3824; x_wconf 76' lang='lat' dir='ltr'><strong>eripit</strong></span> <span class='ocrx_word' id='word_1_212' title='bbox 574 3744 653 3802; x_wconf 82' lang='lat' dir='ltr'><strong>alter</strong></span> <span class='ocrx_word' id='word_1_213' title='bbox 670 3744 708 3804; x_wconf 85' lang='lat' dir='ltr'><strong>ob</strong></span> <span class='ocrx_word' id='word_1_214' title='bbox 726 3743 837 3818; x_wconf 81' lang='lat' dir='ltr'><strong>altero,</strong></span> <span class='ocrx_word' id='word_1_215' title='bbox 862 3758 899 3806; x_wconf 78' lang='lat' dir='ltr'><strong>ut</strong></span> <span class='ocrx_word' id='word_1_216' title='bbox 923 3749 985 3808; x_wconf 72' lang='lat' dir='ltr'><strong>sibi</strong></span> <span class='ocrx_word' id='word_1_217' title='bbox 1002 3752 1108 3829; x_wconf 82' lang='lat' dir='ltr'><strong>faeiat</strong></span> <span class='ocrx_word' id='word_1_218' title='bbox 1122 3752 1224 3831; x_wconf 76' lang='lat' dir='ltr'><strong>justi·</strong></span> 
     </span>
    </p>
   </div>
   <div class='ocr_carea' id='block_1_7' title="bbox 267 3859 1226 3944">
    <p class='ocr_par' dir='ltr' id='par_1_7' title="bbox 267 3859 1226 3944">
     <span class='ocr_line' id='line_1_30' title="bbox 267 3859 1226 3944; baseline 0.011 -28"><span class='ocrx_word' id='word_1_219' title='bbox 267 3859 342 3916; x_wconf 80' lang='lat' dir='ltr'><strong>tiam</strong></span> <span class='ocrx_word' id='word_1_220' title='bbox 363 3861 528 3920; x_wconf 76' lang='lat' dir='ltr'><strong>rebiberdo</strong></span> <span class='ocrx_word' id='word_1_221' title='bbox 546 3859 718 3939; x_wconf 77' lang='lat' dir='ltr'><strong>aequaliter</strong></span> <span class='ocrx_word' id='word_1_222' title='bbox 734 3882 802 3920; x_wconf 75' lang='lat' dir='ltr'><strong>oum</strong></span> <span class='ocrx_word' id='word_1_223' title='bbox 826 3862 892 3944; x_wconf 79' lang='lat' dir='ltr'><strong>ipso</strong></span> <span class='ocrx_word' id='word_1_224' title='bbox 1007 3866 1103 3926; x_wconf 77' lang='lat' dir='ltr'><strong>donee</strong></span> <span class='ocrx_word' id='word_1_225' title='bbox 1122 3867 1226 3927; x_wconf 76' lang='lat' dir='ltr'><strong>ebrius</strong></span> 
     </span>
    </p>
   </div>
   <div class='ocr_carea' id='block_1_8' title="bbox 265 3976 1226 4066">
    <p class='ocr_par' dir='ltr' id='par_1_8' title="bbox 265 3976 1226 4066">
     <span class='ocr_line' id='line_1_31' title="bbox 265 3976 1226 4066; baseline 0.011 -32"><span class='ocrx_word' id='word_1_226' title='bbox 265 3976 303 4034; x_wconf 82' lang='lat' dir='ltr'><strong>irs</strong></span> <span class='ocrx_word' id='word_1_227' title='bbox 322 3984 437 4035; x_wconf 82' lang='lat' dir='ltr'><strong>terram</strong></span> <span class='ocrx_word' id='word_1_228' title='bbox 456 3979 579 4038; x_wconf 82' lang='lat' dir='ltr'><strong>coderet</strong></span> <span class='ocrx_word' id='word_1_229' title='bbox 673 3978 784 4057; x_wconf 82' lang='lat' dir='ltr'><strong>quiquo</strong></span> <span class='ocrx_word' id='word_1_230' title='bbox 810 3981 925 4041; x_wconf 79' lang='lat' dir='ltr'><strong>crebris</strong></span> <span class='ocrx_word' id='word_1_231' title='bbox 946 3983 1155 4060; x_wconf 77' lang='lat' dir='ltr'><strong>potationibus</strong></span> <span class='ocrx_word' id='word_1_232' title='bbox 1174 4005 1226 4066; x_wconf 70' lang='lat' dir='ltr'><strong>ep-</strong></span> 
     </span>
    </p>
   </div>
   <div class='ocr_carea' id='block_1_9' title="bbox 262 4093 1225 4182">
    <p class='ocr_par' dir='ltr' id='par_1_9' title="bbox 262 4093 1225 4182">
     <span class='ocr_line' id='line_1_32' title="bbox 262 4093 1225 4182; baseline 0.008 -30"><span class='ocrx_word' id='word_1_233' title='bbox 262 4093 338 4174; x_wconf 76' lang='lat' dir='ltr'><strong>phos</strong></span> <span class='ocrx_word' id='word_1_234' title='bbox 355 4093 453 4171; x_wconf 79' lang='lat' dir='ltr'><strong>mopis</strong></span> <span class='ocrx_word' id='word_1_235' title='bbox 469 4096 631 4171; x_wconf 71' lang='lat' dir='ltr'><strong>exhaurit,</strong></span> <span class='ocrx_word' id='word_1_236' title='bbox 655 4095 706 4156; x_wconf 76' lang='lat' dir='ltr'><strong>tie</strong></span> <span class='ocrx_word' id='word_1_237' title='bbox 722 4097 834 4159; x_wconf 76' lang='lat' dir='ltr'><strong>retorto</strong></span> <span class='ocrx_word' id='word_1_238' title='bbox 849 4097 1000 4178; x_wconf 78' lang='lat' dir='ltr'><strong>corporali</strong></span> <span class='ocrx_word' id='word_1_239' title='bbox 1015 4099 1120 4182; x_wconf 78' lang='lat' dir='ltr'><strong>eiqore</strong></span> <span class='ocrx_word' id='word_1_240' title='bbox 1136 4123 1173 4162; x_wconf 84' lang='lat' dir='ltr'><strong>oo</strong></span> <span class='ocrx_word' id='word_1_241' title='bbox 1190 4101 1225 4160; x_wconf 78' lang='lat' dir='ltr'><strong>irs</strong></span> 
     </span>
    </p>
   </div>
   <div class='ocr_carea' id='block_1_10' title="bbox 0 0 1366 4790">
    <p class='ocr_par' dir='ltr' id='par_1_10' title="bbox 0 0 1366 4790">
     <span class='ocr_line' id='line_1_33' title="bbox 0 0 1366 4790; baseline 0 0"><span class='ocrx_word' id='word_1_242' title='bbox 0 0 1366 4790; x_wconf 95' lang='lat' dir='ltr'><strong> </strong></span> 
     </span>
    </p>
   </div>
  </div>
 </body>
</html>
