2690 4790
529 393 709 456 -loo-

123 599 217 657 mm,
241 579 299 644 etsi
316 577 445 644 retineri
461 581 640 643 viderentur
657 582 778 663 antiqui
796 579 891 654 ritus,
913 599 1020 643 rerera
1039 591 1086 644 tr·

123 719 197 760 men
217 701 324 762 aboliti
342 700 403 762 dici
419 707 597 782 potuerunt.
640 701 728 775 Quod
747 710 783 760 ut
800 707 919 780 pateat,
940 697 999 760 boc
1022 717 1085 760 uno

119 827 195 880 utar
213 822 371 902 exemplo:
395 821 522 882 Concilii
536 819 660 901 quidem
673 819 796 880 decreta
814 819 993 878 Sanctorum
1010 818 1084 879 ima·

118 937 208 1017 gines
238 959 276 1000 ex
304 939 429 1000 aedibus
454 941 545 1000 sacris
570 937 653 999 haud
670 938 876 1009 sustulerunt,
901 935 955 996 md
973 934 1023 994 vel
1041 935 1084 996 sie

118 1063 246 1130 tamen,
271 1055 354 1137 quod
372 1057 589 1120 emendandum
608 1065 691 1128 erat,
724 1055 907 1126 effecerunt,
940 1054 1086 1114 nimirum

117 1193 138 1234 e
154 1173 266 1236 suecia
282 1175 485 1256 profligarunt
503 1177 683 1236 Sanctorrun
700 1174 917 1235 adorationem.

160 1291 201 1352 Ut
220 1294 374 1352 antemio
401 1292 461 1353 hoo
485 1291 620 1354 Concilio
649 1290 795 1372 (aliisque
811 1291 955 1370 deinceps
971 1309 1085 1370 oppor-

115 1407 322 1491 tunitatibus)
352 1407 401 1489 (1)
429 1427 534 1468 rerum
559 1425 712 1468 sacrarum
745 1407 986 1469 emendationem
1018 1408 1086 1470 aliis

113 1525 294 1600 mandarit,
317 1525 362 1586 ita
384 1525 512 1586 subinde
528 1526 593 1606 ipsc
620 1523 658 1585 ad
674 1525 753 1586 idem
771 1527 960 1607 propositum
976 1526 1084 1588 docto-

113 1641 161 1703 ris
178 1651 284 1724 partes
301 1643 441 1723 suscepit.
482 1642 504 1703 E
523 1643 663 1722 pluribus
689 1663 785 1724 pauca
812 1644 920 1705 afferre
944 1645 1083 1724 exempla

114 1759 260 1822 sufficiat.
291 1759 366 1821 Prae
383 1762 511 1821 caeteris
534 1761 630 1840 igitur
647 1761 838 1823 memoranda
856 1764 950 1842 ipsius
968 1763 1079 1835 verba,

113 1875 150 1937 iu
168 1877 303 1939 comitiis
317 1879 527 1940 Arosiensibus
537 1878 645 1960 (loll)
660 1881 879 1960 pronuntiata:
902 1897 995 1938 »vera
1004 1878 1080 1937 reli·

114 1993 170 2077 gio
187 1995 222 2056 in
239 2015 275 2058 eo
293 2005 354 2070 est,
378 2007 414 2057 ut
431 1997 527 2058 ileum
545 1998 695 2068 colamus,
714 2013 925 2066 revereamur,
949 2003 982 2055 ot
998 2013 1081 2055 ame-

113 2131 203 2186 mus,
227 2131 345 2175 omnem
363 2125 498 2175 nostram
516 2113 659 2173 fiduciam
677 2131 739 2172 non
763 2113 797 2172 in
824 2113 941 2173 Sanctis
966 2123 998 2174 ct
1024 2115 1081 2176 Pa·

112 2231 389 2312 tronisponamus,
402 2231 455 2290 sed
471 2231 505 2289 in
523 2229 552 2288 J.
573 2230 623 2302 (1.,
648 2230 703 2308 qni
710 2231 842 2310 peccatis
852 2249 906 2292 nos
916 2231 1075 2307 liberavit,

111 2361 216 2411 morte
243 2359 276 2410 et
303 2348 444 2425 inlern0'3
467 2357 503 2408 ut
530 2347 657 2408 verbum
681 2347 737 2408 Ilei
760 2349 863 2428 magni
889 2351 1079 2412 aestimemus

111 2477 146 2528 et
175 2467 211 2526 in
240 2466 320 2526 illud
346 2468 536 2547 inquiramus
563 2487 620 2546 per
645 2467 709 2526 dies
736 2477 919 2545 noctesque,
948 2469 1078 2546 rogique

109 2583 289 2646 obediamus
314 2583 476 2644 secundam
504 2583 638 2642 divinam
665 2583 871 2656 voluntatem,
902 2585 1075 2665 proximum

109 2719 270 2784 quemque
287 2701 465 2780 diligamus,
479 2707 515 2758 ut
524 2709 640 2759 nosmet
649 2700 745 2779 ipsos,
766 2710 799 2761 et
817 2701 877 2762 hoc
891 2721 992 2764 amore
1005 2704 1074 2784 ple·

108 2821 145 2882 ni
175 2820 377 2881 abstineamus
403 2817 441 2879 ab
466 2816 648 2891 homicidio,
671 2817 772 2892 furto,
796 2819 947 2882 adulterio
972 2832 1005 2882 et
1022 2823 1077 2882 ab·

108 2940 290 3002 horreamus
317 2958 335 2999 a
362 2935 535 3009 mendacio,
568 2933 639 2996 dolo
674 2945 706 2996 et
734 2935 811 2998 salso
840 2939 873 2997 in
901 2942 1075 3020 proximum
1153 2995 1155 3000 .

109 3057 196 3118 edito
225 3055 411 3117 testimonio.
454 3055 532 3115 llaec
556 3073 629 3115 vera
656 3063 702 3116 est
729 3056 857 3137 religio,
880 3058 957 3121 haec
984 3080 1076 3143 opera

108 3175 208 3249 bona,
232 3173 329 3234 allec
346 3174 380 3233 in
398 3173 428 3234 S.
448 3173 479 3233 C.
498 3173 694 3252 praescripta.
737 3175 824 3250 Quod
844 3189 946 3238 autem
963 3200 1074 3258 aquam

109 3295 225 3357 attinet
241 3290 415 3360 lustralem,
440 3307 543 3360 cerae,
566 3287 751 3365 palmarum,
784 3290 978 3351 candelarum
998 3315 1073 3354 oon-

109 3411 328 3480 secrationem,
353 3407 531 3467 Sanctorum
549 3403 771 3480 adorationem,
796 3407 899 3467 missas
915 3427 971 3488 pro
989 3429 1071 3471 mor·

110 3537 235 3590 tuorum
262 3525 386 3599 animis,
410 3523 486 3598 alia,
507 3524 583 3586 haec
611 3526 645 3584 in
672 3526 700 3586 S.
724 3527 755 3586 G.
787 3547 980 3610 nequaquam
1000 3541 1071 3593 sunt

109 3645 313 3728 praescripta,
334 3645 487 3705 imovero
513 3643 687 3705 hominibus
706 3644 879 3706 interdicta.
922 3646 973 3706 Est
991 3645 1071 3707 enim

103 3775 389 3794 W

146 3857 186 3924 (ι)
207 3855 312 3907 Praeter
336 3855 386 3904 alia
408 3852 581 3918 documenta,
607 3872 673 3922 quae
697 3855 758 3908 alibi
783 3856 1001 3918 commemoravi,
1019 3854 1071 3910 buc

111 3944 218 4005 resero,
245 3943 314 4012 quod
336 3944 458 4010 jusserit,
485 3948 515 3992 ut
539 3943 650 3997 Doridis
676 3944 769 3995 Psalmi
793 3943 821 3996 in
844 3945 956 3998 Suecnsn
973 3947 1070 4000 idioma

110 4033 312 4086 “afferrentur
336 4035 370 4084 ad
388 4031 521 4102 publicum
534 4034 563 4086 iu
579 4033 751 4090 conantibus
765 4032 844 4084 ueris
858 4050 941 4088 mom·
967 4033 1070 4090 Bul-

110 4132 184 4187 ter‚
205 4122 221 4171 l·
239 4137 262 4174 c.
278 4138 305 4190 p.
320 4123 379 4176 246.
