2698 4792
549 411 710 472 ...31-

141 598 393 662 eommemoreot,
416 601 501 652 reete
513 592 667 671 judieoese
682 590 804 657 ridetur
821 595 1096 679 bagerbring,

142 725 241 786 quum
257 718 457 788 quereretur,
484 722 697 784 monumenta,
720 712 760 774 ed
787 713 996 776 illustrandum
1022 715 1100 777 Sne·

144 822 386 886 eminentiam
412 826 572 904 facientia,
596 849 646 891 ree
671 831 796 892 maximi
830 831 976 893 momenti
1004 833 1096 893 silen-

117 941 187 1010 ¹tio
213 941 398 1026 plerumque
423 945 677 1025 praetermittere.
739 947 820 1024 Quid
845 949 982 1008 enimin
1006 967 1097 1030 expo·

138 1059 243 1120 nenda
270 1059 330 1119 viri
357 1060 549 1123 celeberrimi
576 1063 768 1127 institutione
796 1067 920 1146 majoris
945 1083 1010 1124 esse
1035 1081 1099 1126 mo·

140 1178 239 1240 menti
255 1188 371 1258 posset,
396 1195 489 1261 quam
505 1182 583 1254 hoc,
606 1192 643 1242 ut
659 1193 745 1245 recte
763 1194 796 1243 et
812 1183 986 1244 doctrinam
1003 1189 1035 1240 et
1051 1181 1100 1240 in·

139 1295 243 1356 dolem
258 1307 511 1377 praeceptor-mn,
535 1299 647 1380 quibus
673 1301 836 1372 utebatur,
860 1291 1100 1379 mamus?

139 1415 297 1499 Quidquid
321 1438 395 1482 vero
423 1431 488 1493 est,
513 1423 680 1482 (iustarum
705 1418 739 1478 iu
766 1417 958 1497 'theologiam
984 1423 1016 1476 et
1043 1413 1100 1474 Jus

139 1533 327 1596 emericum
346 1536 395 1618 (l)
416 1537 591 1598 incubuisse
608 1547 741 1610 constat,
774 1553 871 1616 eaque
897 1535 931 1594 in
957 1533 1004 1595 his
1031 1543 1098 1594 stu·

137 1647 202 1710 Eis
226 1663 362 1713 vereatur
386 1665 434 1714 est
459 1655 649 1730 assiduitate,
681 1665 717 1716 ut
742 1671 816 1735 prae
841 1653 992 1714 sodalibus
1008 1653 1101 1731 longe

138 1769 331 1832 excelluerit.
371 1769 427 1846 Et,
451 1773 477 1833 ei
495 1773 680 1853 conjecturis
697 1773 754 1834 hac
773 1775 806 1833 in
824 1791 859 1832 re
876 1773 961 1833 locus
982 1765 1100 1830 dendus

139 1897 236 1960 esset,
259 1889 442 1970 stemporis
470 1891 644 1954 conditione
671 1893 805 1954 alienum
831 1890 913 1950 haud
938 1897 1102 1970 putarem,

140 2007 166 2068 ei
183 2007 253 2085 quis
270 2015 404 2067 statuere
421 2009 513 2083 velit,
539 2011 614 2072 tales
637 2010 775 2090 lipsaliae
792 2010 960 2070 Gustavum
977 2011 1100 2066 contra-

141 2123 220 2182 xisse
237 2121 276 2183 de
292 2121 322 2185 S.
343 2123 452 2186 Codice
479 2137 512 2186 et
540 2127 616 2187 Jure
643 2129 794 2188 Canonico
817 2127 973 2198 notiones,
996 2125 1102 2206 quales

139 2239 284 2321 deinceps
300 2239 485 2316 effecerunt,
499 2254 533 2303 ut
548 2261 742 2324 nequaquam
757 2243 913 2304 dubitaret
927 2243 1012 2305 illius
1026 2263 1099 2305 auo-

140 2361 298 2421 toritatem
323 2358 417 2440 hujus
443 2360 575 2422 decretis
592 2361 755 2424 anteferre.
799 2361 904 2423 Paucis
927 2381 992 2422 rem
1011 2363 1101 2422 illus·

141 2487 266 2536 tremus.
308 2476 458 2537 Nimirum
485 2480 518 2537 iu
547 2479 654 2539 Suesia
671 2480 755 2538 Juris
775 2479 919 2538 Canonici
937 2479 1102 2538 auctorite!

142 2604 215 2655 ente
233 2596 357 2656 comitia
374 2594 617 2674 Skenningensia
634 2596 719 2654 nulla
739 2595 849 2654 lucrat.
892 2595 929 2652 ln
955 2594 1004 2654 his
1030 2594 1101 2676 qui·

138 2712 378 2786 amoenantis,
402 2712 583 2773 Guilielmns
601 2709 799 2784 sabiniensis,
824 2709 942 2791 legatus
958 2713 1092 2794 papalis,

174 3010 214 3076 (t)
233 3005 305 3072 cn,
329 3025 397 3076 quae
419 3007 453 3058 da
475 3003 548 3058 turis
571 3003 699 3057 Canonici
722 3002 808 3056 studio
832 3006 934 3056 notavit
952 3001 1033 3056 Dect.
1058 3003 1099 3058 de

138 3097 283 3152 deuter
306 3093 532 3160 Gronernan,
566 3091 712 3144 Distribe
736 3091 768 3142 in
794 3091 923 3143 Ioannis
953 3091 1096 3159 Wiclr'ffi,

139 3185 364 3258 reformationis
369 3182 520 3254 prodromi
532 3181 628 3234 sitem
638 3213 647 3242 ,
657 3180 831 3250 ingenium,
850 3183 986 3249 scripta,
1003 3183 1099 3250 quibos

139 3293 238 3344 penos,
257 3271 377 3325 Sneciam
391 3269 552 3339 spectantis,
571 3267 689 3318 addenda
699 3268 904 3320 mibividentur·
923 3267 1055 3320 Nimirum
1070 3269 1099 3320 in

140 3363 252 3416 comitiis
269 3357 526 3428 Skenningeneibue‚
548 3351 598 3404 ΛΟ.
609 3354 675 3406 1248
688 3352 802 3418 babilis,
820 3356 889 3407 inter
905 3353 973 3419 etia,
988 3356 1022 3407 de
1036 3358 1100 3424 qui.

140 3453 191 3503 bns
214 3450 271 3500 deta
288 3448 485 3516 opportunitate
503 3439 628 3511 egendum
650 3441 727 3491 nobis
746 3442 813 3504 erit,
841 3445 890 3494 hoc
915 3446 991 3494 etiem
1009 3441 1100 3498 Cleri.

141 3541 179 3591 cis
193 3537 311 3591 Snecicie
326 3535 516 3604 praescriptum
533 3531 601 3583 inite
618 3523 828 3597 Praecipimus
854 3547 968 3601 quoque
986 3533 1100 3586 Arent.

142 3625 290 3697 Bpireopo
318 3627 390 3693 Vps.
417 3631 448 3672 et
472 3620 606 3673 omnibns
631 3617 837 3687 suffraganeis
853 3621 917 3688 ejus
935 3621 968 3671 in
984 3622 1100 3674 virtute

142 3714 347 3775 obedientiae,
360 3720 394 3763 nt
411 3711 494 3760 intra
513 3725 621 3760 annum
631 3707 762 3760 babeant
779 3717 809 3758 et
822 3709 1015 3780 possideant,
1033 3711 1100 3766 dum

142 3801 294 3870 vixerint,
307 3803 378 3870 jure
391 3797 598 3869 proprietatis
613 3797 735 3848 Librum
751 3793 978 3862 mentalium,
993 3817 1100 3856 secun.

139 3891 211 3942 dens
227 3889 365 3942 nltimam
382 3881 639 3956 compilationem,
658 3899 733 3956 qnae
744 3884 839 3954 faeta
851 3886 954 3956 sterit
971 3895 1101 3962 tempore

142 3977 326 4032 venerabilis
343 3975 504 4028 memoriae
528 3975 668 4044 Gregorii
685 3977 720 4024 P.
740 3975 775 4023 1³.
792 3974 851 4024 IX.
871 3973 1102 4045 Legerbring

143 4065 241 4127 ‘l'.ll,
261 4084 285 4121 c.
303 4085 352 4131 η,
380 4073 396 4140 §
421 4064 462 4118 35.
498 4063 661 4127 Minter,
679 4064 821 4133 Magazr'n
839 4064 1108 4146 sr‘e'rKr'rclterrge··¹

144 4153 278 4206 sebrcbts
300 4173 328 4208 u.
343 4153 561 4209 xtrctenrecnr
576 4153 627 4204 des
644 4149 795 4216 Nordens,
816 4151 850 4203 Τ.
866 4149 898 4218 1,
917 4169 942 4221 p.
964 4153 1021 4206 185.
