2686 4792
448 355 818 428 CONSPEOTUS.
1065 386 1119 430 xix

160 557 193 609 et
212 517 400 611 Smilandiae
417 551 544 613 incolae.
565 581 608 600 -··
625 549 854 631 Klockekriget.
873 579 915 594 -
932 547 1039 611 Eecic·

160 652 347 714 siaatioorum
365 653 506 732 impetus.
527 683 569 698 -
589 651 728 714 Pseudo·
739 651 830 712 Stnrc
847 661 879 712 et
896 651 1038 714 Dalecar·

161 755 196 815 li.
216 787 258 800 -
275 753 477 814 Ecclesiastici
502 752 685 834 Evangelici.
706 789 747 802 —
765 753 904 814 Pericula
921 754 1039 812 extrin-

161 875 246 916 aecua
259 855 417 916 doctrinae
436 855 630 934 Evangelieae
650 856 847 916 imminentia.
868 890 909 901 -
924 855 1042 914 Braakii

161 967 297 1018 conatus.
318 993 360 1011 .-
388 956 513 1017 Gustavi
540 956 579 1018 ad
605 956 699 1036 ipsiua
725 955 888 1035 Epistolom
915 973 1040 1034 reapon-

160 1079 238 1118 aum.
248 1091 290 1102 -
304 1055 393 1116 Liber
408 1056 548 1117 interim.
563 1089 606 1102 —
620 1055 736 1116 Foedus
751 1056 991 1117 Smaloaldioum.
1000 1091 1042 1104 --

162 1158 288 1220 (iuatavi
306 1177 387 1219 mora
420 1199 976 1220 ..................
998 1177 1029 1238 p.
1053 1157 1121 1220 let.

550 1352 743 1414 EPiLOGUS.

203 1559 355 1620 Gustavua
378 1557 452 1634 jure
477 1553 648 1632 meritoque
672 1552 823 1615 Ecclesiae
846 1554 988 1617 Snecieae
1005 1557 1122 1618 inatau-

161 1667 248 1719 rator
266 1656 427 1729 dicendus,
441 1677 470 1736 p.
485 1656 551 1716 187.
593 1651 781 1735 Disquiritur
800 1666 903 1716 utrum
922 1658 1070 1731 Gnatam,
1084 1677 1123 1718 an

162 1777 237 1818 vero
265 1758 338 1818 Oiao
357 1768 388 1819 et
411 1757 574 1817 Laurentio
592 1757 689 1830 Petri,
710 1759 891 1838 praecipuae
908 1778 1010 1818 rernm
1024 1779 1123 1821 sacra·

163 1880 233 1920 rum
251 1857 470 1919 emendationis
486 1859 589 1918 laudea
606 1858 784 1920 tribuendae
800 1857 887 1920 sint?
904 1880 933 1940 p.
956 1860 1023 1919 192.
1055 1862 1124 1922 Col·

164 1963 305 2041 liguntur
323 1979 402 2039 quae
424 1960 476 2020 hic
494 1960 560 2020 illic
577 1959 707 2020 diximus
724 1961 763 2020 dc
780 1961 915 2032 ratione,
940 1978 1001 2039 qua
1016 1962 1125 2022 Gusta-

167 2083 222 2123 vua
239 2061 401 2122 Ecclesiam
420 2061 607 2132 emendavit,
641 2061 739 2140 deque
761 2061 895 2140 ejusdem
912 2059 945 2118 in
964 2060 1125 2119 emendan-

167 2164 214 2223 dis
232 2163 322 2223 rebus
340 2164 432 2223 saeris
449 2165 622 2244 proposito,
645 2183 677 2242 p.
700 2162 766 2222 195.
798 2160 1029 2222 Reformationia
1048 2161 1126 2221 Sue·

168 2267 233 2327 ciae
249 2264 381 2338 indoles,
404 2284 473 2324 cum
492 2264 574 2344 qnod
590 2264 750 2341 Regimen,
763 2272 828 2324 tum
846 2284 918 2327 vcro
936 2265 1026 2326 etiam
1044 2264 1126 2349 quod

168 2368 340 2429 doctrinam
363 2366 492 2440 attinet,
515 2387 545 2448 p.
571 2366 637 2426 197.
