2668 4784
542 351 641 439 „aa
662 409 704 423 ..

305 592 460 653 Gestaoes
479 613 548 656 eam
570 593 662 656 Post.
685 593 773 654 llom.
795 593 930 674 litiporrs.

178 783 216 848 ln
233 789 394 852 Germania
411 792 462 853 vix
479 792 630 854 lutherus
652 792 912 873 indulgentiarum
938 789 1087 853 nundina-

136 909 228 969 tionis
243 909 354 969 abusui
371 929 404 970 se
421 919 616 990 opposuerat,
641 913 718 992 quin
735 911 823 972 Pont.
846 911 932 972 llom.
963 905 1085 981 litibus,

133 1025 194 1089 hac
211 1027 251 1088 de
268 1047 303 1088 re
318 1029 408 1104 ortis,
430 1051 463 1091 ee
478 1031 673 1091 immisceret.
694 1027 807 1090 Verum
830 1029 911 1088 idem
928 1023 1086 1098 Pontifex,

135 1145 192 1226 qui
210 1149 389 1208 monachum
399 1149 524 1210 litmam
543 1156 741 1220 evocaverat,
765 1147 890 1208 sueciae
899 1163 1003 1225 regem
1013 1145 1093 1206 frus·

133 1267 402 1326 traareessivisset.
423 1267 595 1328 Evanuerat
611 1265 693 1326 enim
711 1261 792 1321 illud
809 1271 941 1341 tempus,
955 1259 1090 1342 quolta-

131 1380 206 1442 liam
215 1383 485 1461 proficiscebantur
494 1397 659 1459 regnorum
667 1379 898 1459 gubernatores,
911 1379 1091 1440 Pontificum

132 1499 267 1577 gratiam
284 1499 431 1558 seeuturi.
451 1497 509 1557 Vix
519 1497 592 1556 dum
601 1496 702 1558 audita
712 1499 745 1558 in
754 1499 872 1578 Europa
885 1498 1007 1560 luerent
1016 1497 1090 1558 Phi·

132 1615 214 1699 lippi
232 1613 340 1676 Pulchi
358 1615 467 1675 verba:
490 1615 571 1674 sciat
586 1615 720 1674 monimo
739 1625 791 1674 toa
801 1616 954 1695 fatuitas,
980 1635 1035 1675 reos
1051 1615 1089 1674 ire

134 1733 352 1815 temporalibus
370 1733 467 1792 alicui
484 1753 549 1792 aare
568 1731 688 1791 subesse
796 1753 884 1791 socos
903 1743 1005 1791 autem
1023 1753 1091 1791 ere·

132 1854 244 1912 dentes
252 1851 563 1932 fataosetdemeetes
582 1859 775 1931 reputamus,
799 1867 861 1908 non
879 1847 1094 1910 dubitaverant

130 1969 440 2051 regesprincipesque
448 1968 629 2028 Pontificum
637 1967 827 2026 voluntatem
837 1987 988 2044 spernere.
1012 1969 1091 2043 Qua-

131 2099 259 2170 propter
275 2090 387 2148 mirum
404 2087 491 2147 nobis
508 2105 570 2145 nou
589 2083 718 2155 accidit,
744 2085 908 2144 (iustarum
927 2087 1019 2146 etiam
1036 2107 1092 2149 ne-

128 2227 235 2289 gasse,
259 2229 291 2266 so
310 2208 347 2264 ia
366 2202 580 2286 spiritualibus
600 2210 630 2259 et
655 2199 691 2259 ia
710 2201 924 2282 temporalibus
944 2203 1094 2286 Pontifici

132 2325 274 2384 Romano
298 2322 419 2380 subesse
441 2319 499 2400 (l).
543 2319 709 2392 Nimimun,
733 2321 832 2382 electo
860 2321 1000 2384 iohanne
1030 2325 1088 2397 ll.,

132 2441 282 2502 Gustatus
300 2440 393 2518 ipsius
419 2439 551 2501 examini
564 2441 718 2518 judicium
735 2441 891 2512 submisit,
916 2441 999 2522 quod
1019 2441 1092 2500 olim

128 2557 171 2620 de
189 2557 304 2618 Trollio
325 2559 438 2617 tulerat
456 2558 544 2634 regni
564 2557 701 2615 Senatus.
746 2556 804 2628 Qui
824 2575 919 2634 quum
943 2555 1093 2618 Trollinm

126 2695 219 2736 reum
233 2673 374 2745 dixisset,
398 2673 521 2732 llomam
539 2675 690 2752 proficisci
717 2675 831 2748 voluit,
864 2675 955 2755 hujus
979 2676 1091 2756 judicii

127 2792 391 2855 confirmationem
408 2792 568 2870 petiturus.
610 2795 674 2855 Rex
700 2804 802 2854 antem
829 2795 948 2854 muneri
974 2795 1091 2874 gravis·

128 2915 208 2974 simo
232 2911 369 2985 nullum,
402 2911 461 2973 hoc
488 2921 640 2991 tempore,
675 2913 815 2974 iohanne
838 2913 985 2992 aptiorem
1003 2913 1090 2972 inve-

127 3027 233 3104 niens,
267 3050 285 3091 a
312 3033 466 3111 proposito
492 3029 582 3090 illum
609 3033 736 3106 avertit,
771 3033 957 3114 Romamque
975 3032 1091 3092 dimisit

129 3148 238 3209 Oleum
257 3147 314 3220 ld,
339 3147 486 3209 iohannis
505 3148 649 3222 fratrem,
674 3151 764 3209 simul
783 3151 821 3210 ad
838 3151 1017 3210 Pontificem
1035 3149 1089 3208 da·

129 3267 172 3326 tis
190 3265 340 3343 epistolis,
365 3266 475 3344 quibus
493 3265 651 3342 promisit:
675 3285 1006 3343 »sesesuppressurum
1015 3265 1089 3324 hae-

129 3383 243 3444 reticas
260 3383 428 3456 doctrinas,
453 3401 532 3462 quae
548 3379 712 3440 Ecclesiam
727 3381 926 3440 Christianam
943 3381 1091 3442 dilacera·

130 3505 208 3564 bant
231 3511 263 3562 et
281 3519 403 3582 operam
422 3520 453 3560 se
471 3499 631 3570 daturum,
656 3508 692 3557 ut
711 3507 962 3559 converterentur
979 3497 1087 3559 haere·

134 3623 190 3686 tici
217 3619 397 3682 lloscovitae
416 3627 447 3678 et
466 3617 582 3678 ethnici
601 3615 774 3696 Lappcnes3
797 3617 858 3677 imo
882 3637 953 3677 roro
980 3619 1091 3678 auxili·

134 3758 187 3798 um
206 3755 237 3798 se
259 3737 397 3801 Pontifici
415 3737 632 3816 praestiturum
650 3735 782 3794 inbelle
809 3735 951 3794 adversus
969 3736 1091 3804 Turcas.

136 3857 230 3917 Porro
247 3875 319 3916 vero
336 3875 354 3916 a
373 3855 460 3916 Pont.
482 3855 618 3934 rogavit,
643 3853 902 3932 utllpisooporum
913 3855 1092 3920 electionem

172 4093 211 4163 (r)
230 4092 299 4144 Sunt
317 4091 445 4153 Bonilacii
457 4089 531 4144 vltt
549 4092 581 4144 ad
604 4091 753 4158 Philippum
771 4087 910 4144 Pulchram
925 4095 1013 4144 verba.
