2690 4790
649 374 830 434 -loo-

263 565 297 626 in
315 560 456 624 Psalmis:
479 589 491 618 ι
508 579 557 622 me
575 560 700 630 unicum
715 561 750 620 in
763 555 985 620 calamitatibus
1003 559 1147 634 invoces,
1172 579 1231 640 ego

264 679 321 740 tibi
335 678 527 742 auxiliabor''
551 679 730 750 etiterum,
753 677 934 736 mannicum
943 678 1111 738 reverearis
1121 685 1153 738 et
1161 677 1231 738 lau·

261 796 325 860 des.
357 797 388 858 S.
410 798 527 858 Coenae
543 803 797 856 sacramentnma
816 793 935 854 Christo
952 791 1013 852 luit
1030 792 1228 864 institutum,

263 927 301 978 nt
314 917 435 996 signum
450 913 499 976 vel
516 911 716 974 arrhabonem
739 911 920 974 haberemus
946 912 1129 972 remissionis
1151 931 1231 992 pec-
1337 925 1338 928 ’

263 1043 402 1096 catorum
419 1041 451 1092 et
468 1041 520 1106 ot,
543 1029 623 1092 hanc
640 1029 846 1104 celebrantes,
869 1031 904 1090 in
931 1031 1110 1092 memoriam
1137 1049 1230 1090 rere·
1338 1075 1339 1082 ,

263 1169 399 1214 caremus
433 1149 508 1212 lesu
532 1157 662 1210 mortem
687 1158 864 1226 eruentem,
895 1149 980 1230 quod
998 1169 1069 1210 sans
1088 1148 1231 1230 preposi-

263 1278 345 1342 tnrn,
368 1267 555 1347 mejudice,
586 1265 760 1346 longissime
789 1267 935 1330 abherret
962 1285 981 1328 a
1008 1265 1232 1328 cousuetudine
1338 1251 1339 1276 ¹

263 1385 334 1457 illa,
347 1403 409 1464 qua
425 1393 554 1464 argente
572 1393 604 1445 et
621 1403 696 1446 auro
714 1385 793 1446 illud
810 1384 1005 1448 occludamus
1019 1383 1231 1464 etprocessio·

261 1503 519 1582 nessnscipiamm
536 1502 570 1562 in
587 1501 671 1562 illins
688 1502 851 1576 honorem,
870 1513 906 1564 ut
923 1511 1040 1564 veteres
1057 1500 1233 1562 docuerunt

260 1619 408 1680 doctores.
452 1621 535 1684 llanc
561 1623 657 1701 igitur
674 1641 777 1682 veram
803 1620 1002 1700 religionem,
1025 1618 1065 1680 ab
1082 1619 1149 1700 ipso
1166 1617 1231 1678 nso

258 1737 490 1818 praescriptam,
512 1737 546 1796 in
565 1737 704 1796 Sueciam
722 1737 868 1800 inducere
882 1759 950 1798 sum
969 1737 1118 1798 conatus”
1142 1734 1205 1816 (1).

301 1856 396 1918 Porro
414 1856 448 1914 in
465 1873 588 1916 censum
605 1853 690 1912 venit
708 1853 843 1916 edictum
860 1857 899 1918 de
916 1857 1009 1936 primi
1026 1854 1226 1916 hebdomadis

261 1975 323 2038 diei
340 1973 546 2036 celebratione
563 1973 602 2034 ad
619 1971 794 2036 Firrlandiae
811 1975 926 2036 incolas
940 1974 1060 2046 datum,
1082 1973 1228 2054 qnodque

260 2091 437 2172 hujusmodi
453 2103 519 2154 cst:
543 2092 650 2154 -decet
668 2112 756 2165 sane,
775 2101 915 2152 utunusn
929 2091 1126 2154 hebdomadis
1143 2092 1229 2154 diem

263 2228 280 2268 a
298 2209 408 2270 ceteris
426 2229 634 2283 secernamus,
658 2221 695 2270 ut
710 2210 882 2284 audiamus,
906 2210 1055 2272 discamus
1072 2220 1103 2270 et
1119 2211 1229 2272 sedulo

260 2323 480 2406 perpendamus
498 2326 632 2386 divinam
658 2329 867 2406 voluntatem
890 2340 926 2390 nt
942 2331 1056 2410 gratias
1074 2329 1133 2390 lleo
1150 2349 1229 2409 aga·
1340 2349 1341 2390 1

262 2462 345 2517 mus,
369 2442 519 2524 illumque
536 2443 692 2504 laudemus
706 2443 746 2504 oh
760 2444 924 2516 beneficia,
947 2446 1072 2524 quaein
1086 2465 1229 2508 noscen-

260 2561 351 2633 tulit,
372 2562 464 2622 simul
482 2581 554 2624 vero
572 2563 610 2624 nb
630 2583 666 2624 eo
685 2583 825 2642 rogemus
842 2561 913 2638 illa,
927 2563 1036 2643 quibus
1053 2573 1085 2622 et
1104 2566 1230 2626 animus

259 2689 410 2759 etcorpus
418 2679 593 2760 indigeant;
616 2690 652 2741 ut
671 2682 783 2744 Christi
801 2700 928 2761 corpore
947 2690 978 2740 et
994 2681 1138 2760 sanguine
1152 2691 1230 2743 uta·
1341 2667 1342 2680 ¹

259 2816 329 2856 mur
347 2796 570 2876 adaugendam
589 2807 621 2858 et
639 2797 874 2860 confirmandam
893 2797 984 2858 fidem
1003 2808 1147 2860 nostram.
1168 2799 1229 2860 vi-

260 2923 352 2994 gente
370 2913 495 2994 quidem
513 2913 549 2976 V.
569 2915 621 2988 F.,
646 2913 755 2976 ludaei
773 2916 937 2976 convenire
955 2915 1092 2976 solebant
1111 2917 1228 2979 Sabba-

261 3029 308 3104 thi
326 3029 396 3108 die;
418 3051 524 3109 verum
551 3052 646 3110 quum
674 3034 704 3092 S.
734 3033 766 3094 C.
793 3034 1035 3112 pronuntiasset,
1060 3035 1143 3114 leges
1161 3034 1230 3104 llo-,

260 3147 354 3210 saioas
381 3156 413 3208 et
440 3148 641 3220 cera-onias,
674 3157 743 3228 post
771 3148 885 3210 Christi
912 3163 1060 3227 mortem,
1093 3154 1227 3216 reditum

260 3270 293 3330 in
311 3269 406 3331 vitam
424 3279 456 3332 et
474 3270 590 3332 abitum
608 3271 642 3330 in
659 3269 795 3346 coelum,
816 3290 880 3332 esse
895 3271 1096 3353 abrogandas,
1122 3273 1227 3334 Chris-

260 3389 343 3450 tiana
368 3390 502 3452 Ecclesia
528 3390 744 3471 Apostolorum
773 3401 944 3472 temporum
968 3391 1162 3465 decreverat,
1187 3392 1228 3454 ad

261 3506 443 3568 audiendum
472 3508 527 3568 liei
558 3509 686 3568 verbum
721 3507 804 3568 haud
832 3509 1012 3590 congregari
1039 3509 1227 3572 Christianos

261 3625 406 3687 Sabbathi
425 3625 488 3698 die,
508 3643 616 3684 verum
633 3625 684 3684 die
702 3623 796 3696 Solis,
820 3627 966 3703 quoniam
983 3628 1041 3689 hoc
1058 3627 1109 3689 die
1123 3629 1157 3688 in
1175 3629 1226 3688 vi·

258 3751 320 3802 tam
338 3743 474 3804 Christus
491 3741 634 3802 redierat.
658 3741 806 3816 Quocirca
820 3750 852 3802 et
867 3762 922 3804 nos
935 3743 1024 3808 decet
1040 3745 1125 3808 bunc
1142 3747 1225 3809 diem

258 3858 435 3921 celebrare”
460 3858 519 3942 (2).

244 3985 538 4004 ffi-

291 4059 330 4128 (s)
351 4057 515 4110 Strinnh.
533 4055 567 4109 T.
583 4054 650 4120 111,
669 4073 696 4124 p.
712 4053 771 4110 ⁵31.
805 4075 833 4110 v.
856 4055 983 4122 Dalin,
1002 4059 1178 4132 l.c.e.7,§
1195 4062 1225 4115 5.

291 4148 331 4218 (a)
348 4143 448 4200 Docuit
465 4143 611 4200 Gnatavusz
630 4152 664 4196 ar
678 4145 720 4198 m·
736 4145 806 4199 bb're
818 4145 963 4217 afidnslra
981 4165 1017 4201 en
1035 4149 1122 4219 degi
1139 4168 1221 4204 sese·
