2668 4784
511 385 673 446 ...⁷10-

112 573 198 656 pita,
221 573 384 653 dequibus
401 572 587 654 dispumm
604 571 719 645 inerat,
742 573 969 652 minuentes·
985 579 1066 632 nonh-

111 691 209 752 nullis
226 691 404 772 complecti,
429 691 523 753 Sueco
541 709 678 752 sermone
697 689 892 771 conscriptis,
916 709 990 771 qnae
997 692 1072 772 pri--

110 829 196 870 mum
214 809 419 888 dijudicandas
436 811 516 870 misit
533 808 571 870 ad
590 811 671 869 viros
696 809 895 889 quoscunque
911 807 1015 868 doctos
1032 816 1065 872 et

109 926 253 1008 deinceps
270 947 332 988 nnn
350 947 421 988 cum
438 927 586 1008 responsis
604 928 683 1007 typis
701 927 830 1008 exprimi
848 927 968 987 curarit
986 925 1045 1006 (Ι).

150 1045 270 1118 Quibus
288 1045 440 1117 omnibns,
463 1065 556 1126 quam
573 1045 698 1124 egregie
722 1044 930 1106 reformationi
957 1042 1069 1104 faverit

107 1159 277 1236 Gustarus,
300 1166 403 1243 paucis
422 1165 576 1245 explicare
593 1163 689 1222 lubet.
733 1162 876 1222 Primum
899 1162 998 1240 igitur
1014 1180 1069 1222 ae-

105 1291 236 1342 euratae
262 1280 467 1362 disquisitioni
492 1281 663 1342 doctrinam
692 1281 888 1351 submiserat,
920 1299 1015 1360 quse,
1050 1299 1069 1342 e

104 1398 297 1461 Clerioorum
315 1419 411 1478 aeque
428 1419 464 1459 ac
482 1399 640 1458 Laicorum
659 1396 824 1467 sententia,
848 1397 930 1456 enini
947 1396 1065 1478 disqui-

103 1514 221 1574 sitione
239 1517 337 1593 maj0r
347 1524 431 1574 erat.
455 1515 541 1590 Quod
558 1515 745 1595 quantopere
762 1514 795 1572 in
810 1513 959 1576 Ecclesiae
976 1515 1063 1576 Rom.

104 1630 196 1692 cath.
215 1630 359 1690 damnum
376 1631 496 1691 cederet
514 1632 607 1691 sensit
630 1631 787 1704 Braskius,
822 1651 917 1713 quum
936 1633 978 1694 'de
1004 1633 1066 1694 hac

103 1747 315 1828 disputatione
332 1748 369 1807 ad
384 1747 668 1827 Archi-episcopum
685 1749 850 1810 scriberet:
873 1753 977 1828 ‚justo
994 1750 1064 1810 lon·

103 1866 173 1945 gius
203 1866 262 1926 bac
288 1866 321 1924 in
349 1885 384 1924 re
411 1883 581 1945 processum
609 1865 717 1938 fuisse,
754 1885 849 1946 quum
875 1867 999 1926 illorum
1027 1867 1065 1927 fl-

102 1983 176 2056 des,
200 2001 280 2063 qnae
298 1982 398 2042 dubiis
415 1992 447 2042 ct
474 1981 679 2062 disputatione
702 1981 800 2058 major
822 1981 960 2042 habenda
987 1981 1064 2042 iuis·

103 2113 170 2175 set,
194 2098 399 2182 disquisitioni
418 2109 450 2159 et
468 2098 681 2176 dijudicationi
700 2098 854 2158 'submissa
881 2097 980 2157 esset''
1004 2097 1064 2179 (2).

104 2219 208 2279 Porro
225 2237 298 2278 vero
326 2215 545 2276 attendendum
567 2225 630 2287 est,
651 2215 815 2275 (iustarum
833 2215 952 2276 doctori
970 2219 1068 2276 ersin-¹

101 2335 205 2415 pelice
229 2334 387 2395 victoriam
414 2333 586 2412 assignasse.
635 2333 769 2407 Etenim,
793 2353 889 2414 quum
907 2334 940 2394 in
958 2335 1063 2414 dispu-

102 2455 223 2514 tatione
257 2452 419 2532 Lipsiensi,
453 2452 577 2531 quinam
602 2452 745 2512 vicissent
759 2452 855 2510 ‘haud
880 2453 1061 2530 pronuntia·

102 2579 170 2631 tum
188 2571 283 2643 esset,
307 2579 339 2630 et
357 2569 509 2628 Lutherus
528 2578 559 2626 et
577 2567 688 2627 Eubius
706 2567 908 2641 affirmarunt,
922 2569 1059 2630 sevictc-

100 2691 180 2751 riam
193 2701 379 2770 reportasse,
404 2709 467 2768 qno
488 2705 550 2746 non
575 2685 641 2745 iieri
664 2691 726 2744 non
743 2685 859 2764 potuit,
884 2687 959 2767 quin
986 2686 1063 2748 baec

98 2807 270 2888 disputatio
287 2807 341 2867 illa
365 2805 402 2867 ad
428 2804 650 2886 propagandam
675 2802 920 2866 reformationem
946 2807 978 2865 vi
1003 2805 1058 2866 de·

99 2925 298 2996 stitueretur,
323 2943 430 3004 quam,
454 2923 637 3003 evangelicis
663 2921 793 2984 vicioria
810 2924 976 3004 assignata,
1000 2924 1056 2985 ha·

98 3041 175 3104 berc
191 3043 347 3123 potuisset.
378 3043 440 3102 Atii
457 3042 539 3102 enim
558 3041 652 3104 Eckio
670 3043 760 3104 iidem
778 3042 967 3118 babuerunt,
991 3043 1054 3105 Lu-

100 3161 191 3221 thero
207 3160 271 3223 alii.
312 3159 349 3219 In
368 3161 475 3222 Suesia
492 3170 592 3222 autem
609 3164 727 3222 eunctis
746 3163 898 3236 innotuit,
922 3181 1054 3240 evange·

100 3279 179 3341 lirae
195 3277 352 3338 doctrinae
364 3279 495 3357 palmam
512 3276 604 3336 fuisse
621 3277 740 3352 datam3
763 3280 845 3357 quod
862 3281 984 3357 majoris
994 3279 1053 3340 eti·

101 3415 149 3457 am
167 3394 314 3454 momenti
330 3404 412 3466 arat,
437 3411 532 3472 quum
558 3393 711 3454 Pontificis
738 3395 822 3456 Rom.
842 3399 973 3459 ministri
992 3399 1054 3460 dis·

101 3521 258 3594 putassent
281 3529 351 3572 cuer
373 3511 544 3584 haeretico,
567 3529 677 3591 quem,
700 3512 804 3592 paucis
829 3511 935 3576 diebus
961 3527 1054 3592 ante,

138 3753 178 3824 (ι)
199 3753 274 3805 door
288 3753 330 3821 pt
348 3769 380 3806 ιι
402 3752 555 3820 Spdrsmal
571 3752 655 3820 ‘5²7⁹'
674 3751 768 3804 iterans
785 3751 882 3806 editum
902 3755 976 3809 1605.

137 3844 177 3912 (ι)
196 3839 325 3908 Scripsit:
338 3843 398 3892 Det
414 3857 490 3893 evoro
508 3841 598 3892 redon
614 3839 722 3911 altfb'r
739 3839 825 3912 ltingt
839 3845 947 3912 gingit
957 3851 991 3895 et
1003 3847 1055 3899 de.

103 3947 154 3982 rne
171 3939 236 3992 tro,
254 3928 372 3981 ovilken
390 3927 477 3980 borda
494 3927 592 3980 baillos
614 3938 695 3982 utoni
716 3928 762 3980 alt
784 3931 909 4002 twr'swel
929 3934 982 3984 sed
1000 3939 1054 3988 td-

92 4019 184 4088 flan,
203 4023 300 4067 cattos
315 4017 408 4070 under
422 4015 604 4070 skortosdan
623 4021 677 4072 sels
692 4018 766 4070 dons-
784 4017 897 4076 Olina
913 4021 1009 4076 Celsi
1020 4041 1057 4074 us

102 4107 136 4161 Τ.
153 4105 177 4158 1.
193 4121 220 4175 p.
238 4101 295 4160 265.
