2698 4792
218 369 271 410 νιιι
528 349 859 412 PRAEFATIO.

226 537 286 598 sita
303 555 371 596 mee
388 533 430 596 ad
448 535 665 620 Praecepteres
683 537 800 611 delate,
823 537 876 611 lsi,
899 535 1010 617 quibus
1031 553 1188 618 papnun-

232 656 305 716 dum
324 655 413 734 seret
434 654 626 734 difficultates
643 655 772 714 minime
787 653 910 736 quidem
928 651 1197 722 dissimularunt;

227 771 283 831 sed
300 771 349 831 ael
363 772 410 833 sic
427 782 531 832 tamen
549 782 585 832 ut
600 772 766 832 consilium
790 791 892 830 meum
915 769 1115 850 perficerem,
1144 789 1199 828 nee

229 887 491 962 adhortabantur,
517 908 600 970 spem
615 889 710 948 simul
715 888 873 970 facientes
882 931 890 961 ,
907 887 981 966 sere
998 896 1035 945 ut
1053 886 1204 966 ipserum

231 1003 311 1064 milti
320 1005 406 1064 lsaud
413 1005 531 1064 deesset
539 1005 702 1066 auailium.
731 1005 794 1065 Nee
795 1005 932 1084 fortasse
942 1013 1048 1062 tamen
1057 1005 1204 1064 arduum

233 1123 419 1206 incepissem
446 1142 538 1204 aput,
562 1121 628 1184 nisi
645 1133 809 1204 praeterea
823 1121 1097 1204 persuasissimum
1114 1121 1205 1180 mini

225 1242 359 1323 suisset,
383 1261 494 1321 aeques
510 1257 613 1299 rerum
623 1238 768 1322 judiees,
793 1250 937 1321 quotquot
948 1239 1028 1299 lena
1046 1238 1204 1320 scriptia-

233 1379 305 1418 nem
322 1359 466 1440 deinceps
481 1357 634 1438 leperent,
658 1377 694 1416 ea
704 1357 777 1436 fere
793 1356 1000 1427 humanitate,
1024 1365 1076 1428 ut,
1101 1357 1203 1415 siar-

230 1485 410 1558 pumentum
428 1475 647 1556 pravissimum
673 1475 759 1532 lsaud
776 1474 835 1532 tite
852 1473 992 1554 attipiese
1008 1472 1087 1552 ipsis
1106 1473 1203 1534 cide-

234 1613 303 1666 rer,
319 1591 520 1674 juvenililrus
541 1591 596 1650 leec
614 1588 737 1650 viribus
757 1590 939 1652 tribuerent.

265 1709 430 1790 Postquam
444 1717 547 1768 cutem
561 1707 641 1766 milti
650 1707 789 1766 constitit
797 1708 833 1766 de
845 1719 1027 1787 arpunsenta
1036 1709 1200 1789 elipendo‚

237 1827 349 1887 dubius
375 1825 550 1885 adhucdum
575 1824 753 1898 haerebam,
786 1817 920 1904 asianam
948 1826 1069 1884 ratione
1089 1827 1205 1908 optime

234 1943 315 2004 illud
340 1953 536 2004 tractaretur.
578 1942 700 2023 Duplec
724 1941 808 2000 enim
826 1964 858 2002 ee
873 1943 952 2002 milei
978 1943 1089 2003 obtulit
1115 1956 1204 2004 trae-

238 2060 329 2122 tandi
347 2061 437 2122 ratic.
482 2060 619 2140 Quarum
646 2060 743 2120 altera
771 2060 845 2120 lsaee
864 2072 946 2133 erat,
979 2072 1032 2135 ut,
1069 2061 1206 2122 Sueeiae

237 2179 413 2238 eruditione
427 2178 633 2238 ecclesiastiea
642 2178 780 2260 primum
800 2179 872 2238 data
891 2197 981 2260 epera
996 2179 1203 2252 adumbrata,

241 2294 374 2356 Gustaei
386 2313 481 2376 perro
498 2294 745 2368 institutionem,
770 2298 967 2378 ejusdemque
986 2296 1068 2358 Eecl.
1092 2317 1200 2356 emen-

241 2413 362 2472 dandae
380 2411 545 2473 conamina
563 2433 744 2496 eapenerem
762 2434 799 2472 ac
832 2414 965 2494 denique
992 2417 1061 2496 ejus
1088 2413 1203 2494 Refer-

241 2532 408 2593 maticnem
434 2531 653 2614 dijudicarem.
705 2530 805 2610 lllapis
831 2540 934 2590 tamen
957 2531 1079 2614 placuit
1104 2531 1205 2590 altera

245 2671 340 2729 eaque
357 2669 377 2706 a
391 2650 499 2730 priore
517 2649 587 2721 illa,
601 2649 798 2728 aliquatenus
815 2648 939 2722 saltem,
961 2648 1084 2706 dice'rsa
1103 2647 1200 2718 ratic,

190 2775 192 2780 ’
245 2785 322 2846 qua,
336 2764 510 2824 conditione
524 2765 653 2823 Sueciae
663 2765 792 2844 politica
807 2775 837 2822 et
850 2765 1056 2824 ecclesiastiea
1070 2764 1207 2826 breviter

246 2883 425 2964 caplieatis,
454 2881 586 2942 Gustaei
606 2881 749 2963 deinceps
765 2881 860 2940 vitam
875 2901 1076 2955 enarrarem,
1098 2893 1205 2962 quate·

246 3020 308 3059 nus
338 2999 412 3058 leaee
439 2999 648 3079 eepneseenda
677 2997 857 3072 videbatur,
889 3009 926 3058 ut
942 3009 1014 3078 quet
1031 3010 1206 3081 quantaque

244 3116 343 3198 ipsius
368 3117 405 3174 e'n
432 3117 626 3174 emendanda
653 3114 792 3176 Ecclesia
812 3116 944 3196 fuerint
970 3117 1099 3191 merita,
1143 3118 1204 3178 rite

241 3234 479 3316 perspieeretur.
525 3233 608 3314 Quae
627 3253 698 3294 cere
716 3233 754 3292 de
772 3232 929 3294 Ecclesiae
957 3233 1105 3294 Suecieae
1131 3256 1205 3298 een-

246 3352 365 3411 diticne
383 3351 497 3410 misera
514 3352 668 3410 monenda
685 3350 888 3422 ridebantur,
902 3348 953 3408 lsie
967 3349 1032 3408 illie
1051 3351 1097 3410 ita
1115 3352 1205 3412 rebus

247 3489 267 3526 e
298 3467 433 3528 Gustare
459 3469 552 3548 pestis
572 3467 712 3540 inserui,
737 3477 773 3525 ut
801 3465 857 3526 ltee
886 3465 999 3526 calade
1026 3467 1124 3548 mapis
1149 3489 1203 3530 ee-

242 3587 359 3670 plieari
378 3595 407 3643 et
424 3586 538 3642 rectius
556 3583 729 3664 dijudicari
742 3592 878 3661 possent.

288 3678 377 3780 llaec·
390 3704 427 3762 de
446 3703 566 3760 retienc
584 3701 668 3760 dieta
686 3701 760 3760 sint.
797 3699 984 3760 Manendum
1010 3713 1150 3784 superest
1167 3705 1204 3764 ela

240 3821 400 3902 sentibus,
426 3821 520 3902 deque
539 3817 703 3890 subsidiis,
727 3814 837 3896 quibus
854 3816 891 3874 in
911 3819 1131 3880 conscribendo
1150 3821 1204 3882 lece

249 3935 415 4021 speeimine
432 3958 505 3996 usus
523 3956 599 3996 eum.
626 3935 817 4016 ecquidem,
842 3934 899 3992 etsi
919 3935 1000 4016 ipsae
1010 3939 1118 4014 sentes
1135 3937 1203 4000 scil.

250 4057 340 4115 l'ent.
373 4055 581 4116 Bactranorum
608 4052 720 4128 bullas,
747 4050 931 4132 Principum
957 4062 1046 4134 atque
1070 4055 1203 4116 Cleriec·
