2698 4792
523 392 665 449 ...7-

109 571 254 632 univeree
271 587 366 634 mores
382 575 567 636 emendaret.
591 574 712 636 Etenim·
722 576 789 651 llii,
811 599 885 658 ques
902 581 1059 656 mltum,

107 688 242 750 humana
259 690 377 752 ratione
394 693 586 771 cogitabant,
610 695 799 769 sentiebant,
823 695 961 775 egebam.
983 699 1067 764 rrae

105 809 235 866 caeteris
261 809 426 900 virtutihus
452 819 484 872 et
509 811 544 872 lsi
569 811 751 875 fortitudine
775 815 934 894 conspicui
951 827 1055 890 mant,

102 925 251 1003 illamque
269 911 331 986 lam
351 929 453 1006 magni
479 928 649 1005 faciebant,
672 941 786 992 utnon
804 931 863 992 nisi
890 930 1000 992 herote
1024 933 1060 996 ἰι

101 1045 211 1105 salutis
229 1043 402 1104 societatem
418 1047 607 1127 reciperent,
631 1048 704 1109 dum
728 1049 897 1110 meticulosi
915 1051 949 1108 in
966 1060 1055 1122 eree,

99 1168 294 1244 serpentibus
312 1175 409 1242 mete,
434 1169 650 1230 retinerentur.
692 1166 759 1228 Inro
776 1185 849 1228 vero
866 1167 1051 1244 aliquande,

99 1281 175 1356 ubi,
199 1296 268 1364 post
286 1288 452 1348 multorum
468 1287 656 1348 remedorum
674 1283 888 1354 intervallum,
911 1293 989 1344 nova
1005 1283 1056 1346 fo·

98 1407 148 1460 ret
169 1410 272 1462 terrae
288 1415 412 1465 nostrae
428 1405 560 1483 species,
582 1401 688 1462 felices
704 1401 799 1480 ipsius
815 1401 931 1462 incolae
958 1402 993 1462 in
1018 1411 1056 1464 eo

97 1529 315 1592 versarentur,
328 1530 365 1580 ut
383 1520 442 1578 sibi
459 1519 588 1580 invicem
602 1481 733 1578 Deorum
747 1529 863 1596 pugnes
877 1529 1053 1593 narrarent,

94 1633 288 1714 illorumque
315 1635 524 1696 fortitudinem
554 1635 695 1696 leudibus
727 1635 918 1696 extollerent.
972 1637 1057 1712 Quae

94 1770 170 1813 cum
188 1755 232 1813 ita
249 1755 327 1824 sint,
350 1753 518 1814 Odinismus
546 1751 757 1812 fortitudinem
783 1751 936 1813 heroicam
952 1755 1061 1833 potius

94 1871 225 1942 eluisse,
244 1889 335 1950 quam
351 1870 494 1930 moralem
503 1869 671 1930 exercuiwe
679 1869 758 1942 rim,
770 1867 978 1932 dicendusest.
999 1873 1054 1932 Et-

94 1987 180 2046 enim
198 2007 234 2046 ee
257 1997 302 2046 est
320 1987 591 2059 naturehumana,
613 1995 650 2046 ut
675 1985 714 2046 ad
730 1985 881 2061 Deorun,
905 2007 981 2066 quos
999 2007 1052 2050 oo·

92 2102 152 2177 lit,
176 2105 346 2185 exemplum
365 2123 397 2163 se
413 2103 578 2164 informare
603 2101 741 2174 student,
763 2111 796 2162 et
820 2123 841 2162 e
857 2104 1051 2180 notionibus,

91 2241 171 2301 quau
198 2221 236 2282 de
258 2223 321 2281 vita
349 2231 417 2301 post
442 2229 571 2280 mortem
589 2219 694 2280 futura
722 2219 831 2294 habet,
863 2221 944 2282 hanc
961 2223 1054 2302 vitent

92 2339 246 2398 instituat.
287 2337 327 2396 llt
344 2339 425 2396 enim
442 2336 564 2396 luturee
577 2337 702 2411 salutis,
727 2357 746 2397 e
763 2340 926 2400 sanctitate
943 2341 1050 2401 oriun-

91 2456 167 2528 dae,
191 2475 274 2534 spes,
298 2453 593 2528 adnosinciteudos,
614 2457 943 2534 qrrisancteviramns,
962 2473 1050 2535 egre·

90 2575 142 2652 gie
179 2572 278 2646 valet,
320 2573 365 2632 ita
399 2572 556 2650 opiniones
590 2571 628 2630 de
664 2572 729 2630 rita
762 2571 821 2631 ista
851 2571 961 2645 falsae,
988 2592 1051 2635 nou

90 2699 219 2770 possunt
248 2707 310 2748 non
337 2689 372 2746 in
398 2688 462 2746 vita
496 2694 600 2746 nostra
635 2685 696 2746 vim
723 2685 836 2748 hebere
868 2699 1051 2768 perroesatn.

91 2809 170 2870 llinc
186 2806 302 2866 facturn
320 2813 381 2876 est,
406 2802 502 2882 quod,
527 2822 595 2863 curn
622 2803 817 2879 suecorum,
834 2805 883 2866 his
901 2813 1047 2889 tempori.

89 2925 163 2998 bus,
188 2922 334 3002 ejusmodi
354 2933 452 2984 essent
469 2921 586 2986 devita
608 2920 713 2983 futura
730 2923 886 2997 notiones,
910 2933 947 2986 ιιι
964 2926 1045 2988 vitae

92 3042 247 3102 terrestris
272 3041 420 3102 rationem
447 3059 570 3120 prorsus
592 3041 668 3104 heeo
694 3043 841 3118 referret,
864 3046 1047 3126 plerumque

89 3161 182 3220 vitum
197 3161 335 3218 viverent
351 3177 482 3238 pravam.
524 3158 642 3220 Etenim
659 3181 753 3240 quum
770 3164 804 3222 in
822 3181 859 3223 eo
876 3165 971 3243 ipsius
987 3163 1043 3222 de·

89 3277 174 3338 licies
203 3277 269 3339 iore
293 3277 536 3356 suspicarentur,
569 3285 604 3336 ιιι
631 3279 788 3338 continuas
816 3299 933 3358 pugnes
958 3281 1042 3342 exci-

88 3404 197 3475 perent
224 3395 361 3456 convivia
387 3396 527 3473 opipare,
551 3408 707 3472 quumque
730 3393 879 3456 fortitudo
905 3415 967 3456 una
993 3413 1043 3454 ess

89 3519 135 3570 set
161 3509 199 3570 ad
217 3511 354 3590 regiones
381 3510 482 3570 beatas
508 3511 575 3583 via,
607 3511 718 3570 mirum
745 3529 816 3570 sane
834 3531 896 3570 non
915 3510 1038 3586 oceidit,

88 3626 204 3686 bellurn
231 3627 301 3688 illos
328 3647 505 3709 pugnasque
532 3627 697 3702 adamasse,
729 3628 936 3690 monomachia
969 3630 1040 3690 lites

89 3765 156 3804 suas
174 3745 344 3820 diremisse,
369 3745 529 3807 homicidia
548 3746 621 3826 ipsis
638 3746 814 3808 inconsueta
839 3766 901 3808 non
927 3745 1035 3824 luisse,

88 3863 149 3921 imo
167 3881 240 3921 vero
257 3864 290 3921 in
308 3863 404 3922 causis
419 3863 573 3922 nonnullis
591 3863 692 3936 licita,
715 3865 806 3926 morti
814 3863 957 3943 pacificae
973 3868 1037 3928 sui·

89 3979 201 4040 cidinm
219 3979 297 4058 ipsos
314 3979 491 4059 praetulisse
508 3990 539 4039 et
557 3981 709 4060 sanguinis
727 3981 907 4058 vindictum,
930 3984 1037 4047 haere-

89 4097 192 4159 ditatis
210 4095 320 4170 instar,
345 4117 362 4158 a
380 4097 555 4178 parentibus
572 4099 610 4162 ed
628 4110 761 4182 posteros
780 4103 939 4166 transiisse.
967 4103 1036 4166 lua
