2668 4784
509 341 733 422 -121-2

116 529 275 600 cedamus,
296 529 394 588 minus
410 537 598 608 temporum,
620 543 712 606 quam
728 543 846 601 rerum,
866 529 1003 590 ordinem
1021 550 1069 593 se-

118 652 304 726 quemuret
328 645 492 724 praecipua
517 641 665 724 quaedam
690 663 794 704 rerum
819 646 919 726 capita
935 667 1068 729 expone·

115 781 200 835 mus,
224 763 372 844 equibus
388 763 475 822 nobis
496 770 614 842 pateat,
638 771 826 843 quantopere
840 763 1070 828 lleformationis

116 881 259 942 Suecicae
277 879 439 941 commodis
454 889 548 960 atque
567 880 642 942 adeo
658 883 775 962 patriae
792 883 884 944 saluti
903 883 1066 956 ausurus,

112 998 301 1058 inservierit.
342 998 534 1058 Obserremns
559 1000 672 1078 igitur,
705 1003 854 1082 quomodo
879 1011 1016 1062 versatus
1034 1001 1074 1063 sit

112 1115 149 1174 in
168 1113 343 1176 ordinandis
359 1115 518 1196 Regimine
536 1115 743 1178 Ecclesiastico
766 1127 798 1178 et
824 1117 990 1197 Disciplina
1016 1117 1073 1179 Eo-

114 1231 303 1311 clesiastioa3
325 1237 359 1294 in
385 1235 524 1296 habenda
550 1253 642 1314 porro
668 1255 743 1296 cura
770 1235 809 1294 de
835 1235 1073 1296 Christianorum

113 1351 284 1412 Succorum
302 1351 443 1412 doctrina
459 1353 602 1428 vitaque,
623 1351 717 1430 inque
727 1350 957 1412 tandemrerum
971 1371 1070 1414 sacra-

110 1487 183 1528 rum
202 1467 413 1527 emendatione
429 1467 468 1527 ab
484 1465 721 1527 adversariorum
738 1469 854 1548 impetu
881 1469 1069 1533 vindicanda.

110 1587 201 1660 Quae
217 1583 355 1664 singula,
377 1584 516 1644 instituta
535 1587 758 1664 comparatione
774 1605 894 1660 eorum,
918 1607 996 1668 quae
1014 1609 1069 1649 an·

110 1713 162 1764 tea
180 1701 395 1776 obtinuerant,
416 1721 485 1762 cum
503 1701 651 1761 institutis
669 1701 808 1778 (instari,
831 1705 1029 1767 illustremus.

205 1937 361 2001 Gusteoass
380 1937 532 2018 Κορίσκου
552 1936 804 1998 Ecclesiasticssm
824 1937 991 1996 ordinavit.

150 2175 300 2254 Regimen
317 2173 578 2242 Ecclesiastieum,
603 2168 694 2249 quale
717 2177 790 2230 ante
815 2171 979 2232 Gustarum
1004 2174 1073 2234 sue-

109 2302 178 2366 rat,
204 2301 237 2352 et
254 2289 386 2350 decretis
403 2287 609 2350 Arosiensibus
626 2298 659 2348 et
675 2290 802 2350 caeteris
818 2291 898 2370 regis
916 2293 1074 2354 conatibus

109 2427 256 2488 magnam
282 2417 398 2488 partem
425 2406 603 2486 abrogatum
629 2407 663 2465 in
683 2407 799 2466 'Suecia
825 2407 933 2466 haberi
960 2419 1071 2488 potest.

110 2527 161 2589 Ad
189 2526 279 2586 illum
305 2526 385 2584 enim
412 2543 509 2602 usque
535 2523 616 2581 diem
642 2521 775 2582 Ecclesia
798 2523 904 2582 civitas
922 2524 1023 2585 fuerat
1039 2527 1073 2586 in

109 2645 178 2725 ipsa
195 2643 321 2703 civitate
348 2641 489 2718 politica,
513 2637 716 2717 peculiaribus
732 2639 865 2719 gaudens
886 2643 1071 2722 gubernato-

109 2761 218 2832 ribus,
241 2757 410 2838 privilegiis
427 2751 459 2815 e't
475 2755 601 2834 legibus.
644 2756 794 2818 Summam
813 2761 847 2818 in
864 2760 919 2822 illa
937 2766 1072 2823 auctori·

112 2887 210 2942 tatem
238 2874 399 2936 Pontifices
424 2875 509 2936 llom.
539 2884 755 2947 exercuerant,
796 2877 885 2938 modo
906 2879 1068 2957 jubentes,

111 2997 205 3060 modo
226 2993 459 3066 interdicentes,
483 2991 693 3076 permittentes
716 2991 825 3068 modo,
848 2995 936 3056 modo
954 3017 1070 3079 nagan.

113 3126 170 3177 tes.
213 3113 251 3174 tii
268 3122 300 3174 et
312 3115 408 3181 missis
426 3115 460 3172 in
478 3113 614 3174 Sueciam
633 3114 758 3192 legatis,
781 3125 813 3175 et
830 3115 940 3190 bullis,
965 3117 1004 3176 ad
1020 3117 1068 3196 ip·

111 3253 182 3294 sum
200 3231 322 3290 Clerum
340 3231 470 3290 Suecum
496 3230 590 3300 datis,
614 3228 776 3287 Ecclesiam
802 3229 1069 3305 administrarant,

112 3367 188 3412 cum
215 3347 298 3424 leges
323 3344 468 3414 ferendo,
500 3352 566 3403 tum
592 3361 665 3403 vero
690 3346 782 3406 etiam
799 3345 853 3404 has
880 3347 1071 3414 vindicando.

113 3463 379 3548 Archi-episcopi
406 3475 506 3526 autem
531 3465 665 3544 ipsorum
690 3463 796 3523 vicarii
814 3473 918 3536 erant,
943 3484 1074 3545 quorum

115 3588 215 3670 qualis
232 3586 328 3648 suerit
344 3583 678 3656 inSueciaauctorites,
696 3603 733 3642 ex
751 3582 931 3646 Innocentio
951 3584 1000 3644 111
1017 3605 1072 3646 au·

115 3709 250 3780 diamus,
282 3705 321 3766 ad
348 3703 522 3776 Aadrsom,
556 3701 858 3782 Archi-episcopum
885 3701 1071 3766 Lundensem

117 3824 285 3884 scribente:
313 3823 396 3882 Tune
417 3821 619 3900 fraternitati
645 3819 855 3892 concedimus,
879 3831 915 3880 sst
931 3819 967 3880 ic
984 3823 1071 3886 Lon.

119 3941 210 4001 demi
229 3951 259 3998 et
278 3939 453 4021 Upsels‘easi
480 3937 846 4019 Archi-Episcopatibsss
875 3939 942 4000 nice
969 3955 1074 4006 nostra

120 4056 248 4130 evellas,
273 4057 429 4131 destruas,
455 4054 613 4136 disperdas
640 4065 670 4114 st
697 4053 841 4134 dissipes,
875 4059 1016 4136 asdrfices
1045 4067 1074 4114 ct
