2668 4784
517 374 696 433 -117-

124 558 297 637 persuaderi
314 557 403 618 Suaci
420 577 481 618 nou
496 560 577 638 passi
595 567 666 619 suut
684 555 1076 639 (1).1ncrsscenrssutsm

124 676 392 736 aeclesiasticorum
409 677 443 736 in
462 677 568 738 Suecia
594 677 793 750 auctoritate,
822 695 928 756 graves
943 677 1001 736 hae
1015 675 1072 736 de·

121 795 214 854 cimae
231 795 339 855 incolis
356 795 556 873 exstiterunt3
578 816 649 857 nam
676 796 847 859 docuerunt
874 795 985 858 Clerici
1009 796 1068 855 sol-

118 913 228 974 vendas
254 915 310 975 has
335 933 400 974 esse
427 915 462 974 dc
488 915 573 974 omni
599 917 803 996 acquisitione
831 927 863 974 ct
878 915 1013 987 semiss,
1036 924 1075 973 ut

114 1031 250 1093 babetur
271 1033 305 1092 in
322 1032 449 1092 decretis
467 1033 596 1094 Concilii
615 1034 798 1114 Arbogeusis
817 1030 946 1114 (1l12);
969 1030 1019 1090 vel
1035 1029 1074 1092 de

116 1150 274 1224 omnibus,
298 1153 426 1231 quaein
445 1161 530 1212 terra
556 1152 752 1212 arboribusve
769 1159 926 1221 crescunt,
950 1146 990 1206 de
1004 1147 1078 1206 ani--

110 1263 241 1326 malibus
258 1269 468 1348 cujuscunque
481 1271 618 1349 generis,
646 1269 686 1328 tle
712 1267 845 1339 artibm,
867 1266 906 1326 de
922 1283 1070 1326 commer-

109 1383 176 1454 cio,
201 1383 241 1444 de
266 1386 460 1458 muneribus,
483 1387 595 1458 verbo,
618 1385 657 1444 de
683 1384 837 1457 omuibus,
859 1403 940 1464 quae
956 1383 1071 1462 ¹quise

109 1509 212 1574 terra,
236 1507 308 1560 aere
324 1501 376 1561 vel
402 1521 481 1582 aqua
503 1503 562 1562 sibi
589 1503 747 1581 acquirere
772 1503 881 1582 possit,
905 1511 941 1561 ut
959 1501 1072 1563 Oclan-

107 1615 179 1678 diae
197 1618 306 1677 incolis
322 1619 476 1698 praecepit
490 1617 653 1698 Episcopus
671 1619 770 1698 Beugt
784 1617 893 1701 (lito)
911 1617 976 1700 (2).
1004 1619 1071 1679 Nec

107 1743 213 1794 tamen
232 1755 269 1795 ex
287 1735 336 1795 his
354 1737 445 1796 unice
461 1755 531 1796 suos
546 1735 654 1796 Clerici
668 1733 822 1796 duxerunt
834 1736 970 1812 reditum
981 1755 1069 1806 uam,

107 1852 172 1912 sive
189 1853 334 1932 baptismi
350 1853 415 1912 ritu
431 1871 541 1932 pueros
559 1852 592 1911 io
611 1851 776 1912 Ecclesiam
791 1853 983 1930 reciperent,
1004 1852 1075 1911 sive·

108 1988 253 2049 sponsum
271 1971 304 2030 in
323 1969 396 2030 aede
422 1989 506 2031 sacra
528 1989 600 2029 curu
618 1988 727 2048 sponsa
744 1969 983 2048 conjungerent,
1004 1968 1071 2029 sive

109 2086 253 2147 ultimam
278 2087 526 2147 administrarent
553 2085 750 2157 unctionem,
791 2085 854 2144 sive
878 2094 1069 2146 mortuorum

107 2207 267 2288 exsequias
285 2205 492 2275 celebrarent,
516 2201 630 2262 aliosve
645 2201 821 2280 hujusmodi
835 2202 930 2275 ritus,
952 2212 1070 2264 certam

105 2343 144 2384 ex
172 2325 224 2382 his
253 2329 437 2400 acceperunt
463 2319 609 2400 meoniae
637 2339 781 2382 summam
805 2321 864 2402 (3).
907 2321 1071 2384 Praeterea-

106 2459 182 2500 vero
206 2439 338 2518 plurima
363 2437 521 2499 laicorum
547 2437 660 2498 delicta
683 2437 722 2496 ab
749 2437 823 2516 ipsis
837 2435 971 2512 judicari
985 2437 1067 2496 sole·

105 2559 183 2620 bant
212 2567 244 2617 et
271 2557 400 2635 pecunia
416 2554 579 2625 mulctari,
602 2552 789 2630 cujusmodi,
813 2560 849 2611 ut
874 2552 935 2612 alia
959 2553 1065 2614 mitta-

104 2697 192 2748 mus,
215 2674 275 2733 hcc
292 2681 376 2742 erat,
400 2671 426 2729 si
443 2669 513 2748 quis
529 2667 579 2728 die
595 2668 727 2744 domini,
751 2669 940 2750 caeterisque
956 2669 1063 2733 diebus

103 2795 211 2866 iestis,
234 2791 369 2852 laborem
385 2807 447 2850 non
464 2788 682 2848 intermitteret
702 2785 760 2869 (l).
804 2788 919 2863 Quibus
941 2799 977 2849 ut
1003 2789 1061 2849 Eo·

138 3025 941 3098 (snagerbringffl11‚c.8‚pt,c.u,§7.

110 3116 181 3186 la)
201 3116 449 3200 Lagcrbrinffi
468 3117 581 3184 T.1V‚
602 3135 627 3170 c·
648 3117 681 3183 6,
706 3121 722 3188 ᾗ
744 3117 769 3170 ὅ.
805 3116 1054 3184 Strinnboim,

103 3205 122 3255 l.
140 3224 164 3258 c.
181 3225 208 3273 p.
225 3205 286 3255 542.

138 3291 180 3364 (5)
199 3289 503 3360 Lagerbring,'l¹.
519 3289 758 3358 II,c.1r,§8.

109 3413 112 3420 .
139 3383 181 3452 (4)
201 3378 275 3432 Unus
291 3387 317 3431 ct
332 3379 425 3446 viginti
438 3379 495 3430 dies
509 3378 599 3429 cadem
612 3377 718 3427 fuerunt
733 3375 868 3429 sanctitate
882 3395 913 3429 cc
934 3377 989 3431 cies
1008 3377 1062 3430 do·

103 3473 188 3535 mini,
204 3471 262 3523 scil.
276 3476 388 3538 quatuor
402 3467 476 3532 dics,
497 3465 591 3538 quibus
610 3462 735 3516 celebrari
749 3463 851 3518 solebat
865 3464 968 3520 Christi
989 3467 1062 3520 urti-

103 3557 189 3620 vitas,
210 3555 423 3626 (Juledcgarue),
440 3557 521 3624 ipsius
534 3551 695 3607 circumcisio
714 3555 738 3623 (ι
750 3549 840 3622 lam),
859 3553 1005 3624 Epiphania
1020 3558 1062 3607 st.

105 3651 160 3696 lara
184 3643 342 3713 (Trettonde
364 3645 414 3712 dag
435 3641 521 3713 lul),
550 3643 605 3694 dics
627 3641 816 3710 purificationis
842 3641 942 3696 Mariae
969 3645 1063 3716 (Kyn-

106 3732 280 3800 termina),
298 3733 405 3784 ultimus
420 3733 481 3784 sesti
498 3731 629 3783 Paccbetis
652 3729 728 3793 dics,
746 3730 806 3794 clii,
830 3730 864 3782 de
883 3733 978 3800 quibos
994 3749 1063 3786 com

105 3820 172 3888 ferri
188 3827 271 3888 potest
288 3819 454 3883 Bacltcr,
472 3820 492 3872 l.
506 3835 531 3872 c·
547 3835 571 3870 c.
590 3835 622 3872 12
635 3825 661 3872 ct
677 3818 718 3871 13.
735 3817 870 3872 Caeterum
888 3818 929 3872 bis
948 3821 1056 3891 dicbus,

105 3925 140 3960 nc
161 3909 328 3976 perexiguum
355 3907 462 3978 quidem
487 3909 602 3960 laborem
631 3909 760 3978 suscipere
782 3909 885 3962 licebat.
923 3909 1057 3982 hager.

107 3998 232 4066 bring,
254 3993 287 4047 Τ.
308 3993 336 4048 ll
353 4033 361 4064 ,
380 4015 405 4050 c.
427 3997 463 4062 6,
487 3996 500 4059 §
521 4013 560 4053 ro.
585 3994 838 4064 Strinubolm,
857 3999 916 4054 l.c.
937 4017 967 4070 p.
987 3999 1055 4066 546,

106 4087 204 4140 innot·
