2698 4792
671 329 832 390 *¹ae-

286 507 457 586 eossitasse?
479 511 559 588 Quid
574 510 687 576 mirum
704 515 863 593 juvenem,
885 512 971 590 cujus
990 513 1110 600 animm
1124 513 1239 592 patriae

286 639 387 685 amore
401 617 550 708 'flagrabat
570 641 601 694 et
618 633 652 694 iu
671 632 769 692 Dauos
787 631 874 704 odio,
896 649 965 690 cum
985 638 1110 690 coactus
1128 638 1240 689 esseta

283 744 384 822 patria
410 745 598 810 defendenda
624 769 656 809 se
682 750 850 820 abstinere,
883 768 901 808 e
927 767 1049 808 carcere
1075 743 1239 827 effiagisse?
1333 736 1334 755 ¹

218 935 222 944 Δ
288 860 385 936 Quam
413 864 511 944 igitur
528 866 585 928 diu
610 867 772 928 meditatus
792 865 902 944 tuerat
922 864 1041 944 sugam,
1067 865 1124 924 suh
1152 865 1244 924 finem

287 981 361 1042 anui
390 981 467 1044 1519
501 987 649 1064 suscepit,
682 997 713 1048 et
742 993 902 1064 postquam
929 984 1013 1044 varia
1038 981 1248 1042 exantlaverat

286 1097 443 1180 pericula,
468 1100 575 1162 urbem
594 1103 801 1164 Laebaceasem
819 1105 972 1182 ingressus
1000 1121 1057 1182 per
1072 1109 1143 1162 octo
1160 1118 1246 1160 meu-
1334 1091 1335 1124 ³

288 1233 334 1276 tea
351 1214 396 1276 ibi
413 1217 617 1280 detinebatur.

283 1390 286 1398 .
329 1331 412 1406 Quae
430 1335 554 1412 quidem
572 1338 769 1400 commoratio
794 1336 932 1400 Lubecoo
957 1353 1095 1414 maguam
1123 1333 1247 1394 habuis-

285 1467 318 1515 te
346 1448 467 1512 videtur
495 1453 558 1512 vim
581 1455 615 1514 iu
633 1457 817 1529 Gestarum,
851 1454 991 1514 futurum
1017 1469 1122 1512 rerum
1148 1470 1248 1512 sacra·
1334 1459 1335 1476 ¹

286 1583 356 1628 rum
373 1567 626 1634 irmtatuatorem:
649 1574 779 1652 quippe,
804 1572 931 1632 caeteris
950 1570 1065 1640 missis,
1089 1587 1168 1648 quae
1183 1568 1249 1630 illio

287 1683 413 1758 habuit,
437 1685 526 1762 fatis,
558 1689 592 1748 in
620 1688 677 1748 hac
709 1690 786 1750 urbe
804 1687 1058 1758 deformationis,
1081 1685 1249 1748 aLuthera
1332 1680 1336 1737 i

289 1802 324 1864 iu
349 1804 509 1866 Germania
533 1807 699 1879 excitatae,
731 1807 811 1870 sama
838 1807 877 1868 ad
902 1808 1001 1887 ipsum
1029 1805 1173 1884 pervenit
1191 1802 1248 1884 (l).

289 1921 375 2001 ssuaa
392 1922 491 2004 qualis
509 1922 604 1986 suerit
626 1934 658 1985 et
682 1923 833 2004 quomodo
861 1944 879 1984 a
906 1923 1130 1984 Lubecensibus
1157 1922 1250 1984 tuerit

292 2049 433 2122 excepta,
445 2052 643 2104 uoucoustat.
665 2041 815 2102 Lutherus
825 2041 923 2102 theses
932 2061 999 2102 suas
1007 2039 1160 2116 affixerat3
1170 2040 1249 2100 mul·

291 2164 393 2235 torum
411 2143 514 2218 autem
540 2160 757 2222 Germanorum
782 2179 917 2222 assemm
933 2159 1095 2230 docuerat,
1119 2168 1250 2238 quanto·

289 2292 366 2356 pere
383 2273 607 2336 desideraretur
626 2277 777 2340 Ecclesiae
794 2278 974 2340 emendatio.
1003 2277 1088 2338 ldem
1107 2296 1181 2338 vero
1198 2279 1250 2338 de·

291 2390 436 2472 uiderium
462 2393 539 2474 quin
565 2393 703 2456 Lubecac
729 2398 823 2460 etiam
841 2400 975 2478 viguerit
1004 2399 1063 2460 hoc
1094 2407 1249 2476 tempore,

292 2510 493 2578 dubitandum
510 2537 572 2580 uou
591 2528 646 2582 est.
676 2519 740 2580 Etsi
759 2522 841 2580 euim
858 2519 914 2582 ΑΟ.
937 2518 1032 2591 1528,
1051 2516 1183 2594 jubente
1199 2515 1253 2574 Se-

292 2641 384 2706 natu,
408 2633 537 2716 Lutheri
556 2637 685 2716 scripta,
710 2647 864 2719 quotquot
883 2639 966 2698 iuter
992 2634 1178 2695 Lubeeeuses
1205 2652 1252 2692 es·
1338 2661 1339 2696 a

292 2758 361 2834 aeut
382 2749 533 2830 dispersa,
556 2753 687 2813 flammis
706 2755 910 2832 injicerentur
928 2763 960 2814 et
978 2752 1134 2812 doctrinae
1151 2749 1253 2810 Euan·

293 2867 412 2946 geticae
428 2871 606 2950 propagatio
624 2889 686 2930 uou
704 2869 917 2932 admitteretur
934 2880 1006 2930 ante
1024 2889 1137 2930 aunum
1158 2868 1250 2940 1530,

294 3001 358 3060 quo
375 2985 535 3044 Iohannes
560 2986 709 3067 Wcllttoff
729 2997 762 3046 et
789 2988 932 3048 Andreae
964 2987 1090 3061 Witma,
1121 2986 1253 3066 purioris

293 3097 451 3163 doctrinae
467 3112 723 3182 propugnatores,
746 3105 786 3164 ad
803 3105 980 3179 doctorum,
1004 3125 1066 3185 quo
1090 3104 1165 3164 otim
1186 3103 1253 3184 pri·

297 3219 361 3281 rati
379 3217 518 3294 fueraut,
541 3241 652 3285 munus
670 3229 902 3292 revocarentur,
923 3219 973 3280 vel
991 3221 1034 3282 sic
1052 3231 1154 3314 tamen
1171 3219 1252 3280 mul·

298 3340 323 3399 ti
337 3339 402 3419 jam
420 3349 491 3400 aute
508 3340 769 3413 desideraverant,
793 3349 829 3398 ut
855 3337 1005 3399 Ecclesiae
1031 3338 1140 3398 abusus
1160 3337 1251 3398 tolle·

297 3466 417 3524 reatae
458 3459 532 3522 Nam
552 3458 778 3522 Lubecensibus
794 3457 888 3517 etiam
905 3457 1066 3519 molestum
1084 3467 1150 3518 erat
1168 3457 1251 3536 regi·

294 3711 346 3762 que
362 3693 472 3746 Sueciae
489 3693 587 3745 incolas
609 3697 719 3760 petierat
739 3691 798 3745 Leo
816 3691 863 3756 X,
890 3693 938 3745 hos
962 3693 1075 3762 puniret.
1095 3709 1122 3745 v.
1140 3692 1250 3744 Daliu

295 3781 608 3852 ¹1⁸.11,c.20,§17.
641 3780 1101 3850 strinuhotm't'.1,p.2o7.
1135 3781 1251 3836 Otaus

294 3865 644 3938 Ceteiua'l'.1,p.62.
679 3865 871 3937 v.Geijer,
893 3869 991 3936 l.c.p.
1006 3871 1032 3922 8.

329 3959 369 4028 (ι)
387 3975 414 4010 r.
432 3957 555 4021 Datin,
575 3955 609 4008 Τ.
625 3955 688 4020 111,
706 3959 854 4027 e.1,§6·
879 3954 1174 4024 olauscelaiuu,
1193 3959 1247 4011 i.c.

293 4047 377 4118 pito·
413 4041 864 4116 sta-iunaotm'r.11,p.1a

1331 1346 1334 1403 i
