2690 4790
527 409 708 470 -rta-

130 589 242 682 (lete)
260 595 326 678 (1),
351 593 507 656 Martiam
521 597 594 657 Oloo
611 595 779 677 licinioque
792 589 906 677 (ltttj'
920 593 986 676 (2),
1005 615 1084 677 quc-

129 731 199 772 rum
218 713 244 771 si
263 711 451 772 attendamus
470 711 657 787 doctrinam,
690 732 753 774 non
780 723 826 774 est
849 713 932 793 quod
958 715 1079 776 dubite-

128 851 211 904 mus,
234 832 311 912 quin
329 832 453 911 egregie
478 831 646 891 multorum
672 831 788 890 animos
805 831 835 890 S.
856 831 886 891 S.
907 831 1081 909 cognitione

127 949 308 1009 imbuerint.
352 949 494 1028 Inprimis
520 957 620 1009 antem
638 947 690 1008 hic
707 949 741 1008 in
768 967 890 1008 censum
917 948 1003 1007 venit
1030 949 1083 1010 Sa-

125 1067 173 1126 cri
200 1066 335 1141 Codicis,
369 1067 498 1127 Gustare
517 1075 661 1138 curante,
685 1066 719 1123 in
736 1065 872 1144 linguam
888 1066 1086 1126 vernaculam

125 1193 290 1264 procurata
307 1185 420 1258 versio,
444 1203 543 1264 eaque
571 1201 627 1262 per
645 1183 782 1242 sueciam
799 1182 942 1262 dispersa.
985 1182 1082 1244 Nimi-

123 1319 193 1360 rum
220 1302 314 1362 tctius
341 1301 413 1362 uod.
437 1303 466 1362 S.
488 1302 588 1360 versio
616 1300 653 1361 ad
681 1301 760 1361 illud
778 1321 876 1381 nsque
902 1312 1021 1384 tempus
1047 1305 1081 1363 in

126 1419 235 1480 suecia
253 1418 492 1478 desiderabatur.
536 1418 633 1491 Quam
656 1418 738 1476 enim
757 1419 912 1480 Canonicis
931 1430 963 1480 et
978 1421 1081 1482 Mona-

122 1537 190 1598 chis
210 1537 364 1596 iohannes
384 1534 423 1595 ii.
441 1533 652 1606 mandaverat,
671 1533 783 1606 versic,
805 1535 899 1597 Archi
910 1536 1078 1620 -ilpisccpo

122 1675 142 1716 e
159 1655 261 1736 patria
278 1653 465 1734 proscripto,
489 1651 624 1731 perfecta
641 1669 704 1712 non
721 1650 822 1713 fuerat
839 1655 913 1714 etsi
939 1655 989 1715 rel
1005 1655 1079 1716 ieli-

122 1859 249 1902 sonctoe
273 1850 374 1913 citae,
401 1849 565 1913 modestus,
591 1850 728 1902 sincerus
744 1860 773 1903 et
794 1853 906 1906 doetus.
940 1853 1079 1924 Denique

123 1939 262 1990 comitem
281 1939 401 1989 itineris
419 1941 468 1988 sui
493 1937 616 1990 adducit
632 1941 673 1989 M.
698 1939 873 2008 Agricolam
890 1973 936 1994 ...
944 1943 1080 2008 juvenem

123 2044 199 2079 carre
224 2027 274 2077 aed
291 2027 473 2092 eruditione,
492 2028 613 2098 ingenio
633 2036 663 2076 et
681 2027 813 2078 moribus
833 2027 1010 2080 exellentem
1028 2029 1083 2102 (de

12 2099 15 2106 ⁴
120 2113 1080 2187 Wette,l.c.'l'.V,p.179);MelaachthondeNormon-

123 2220 183 2254 ποι·
201 2223 233 2256 er
254 2207 295 2257 ist
308 2215 398 2276 guter
417 2206 536 2268 Sitten,
552 2202 774 2274 gottfrirclrtig,
802 2201 998 2274 woblgelalrrt
1023 2207 1084 2260 und

119 2298 309 2366 veterrimi&
328 2297 391 2346 dum
406 2293 528 2361 deinceps
544 2301 682 2360 utrumque
696 2291 779 2344 virum
789 2311 794 2343 :
801 2295 951 2363 frommerr
961 2295 1081 2366 rurige-

120 2378 241 2434 Ialrrten
251 2387 413 2446 Personen,
424 2390 555 2450 nuncupat
574 2381 607 2452 (B
616 2399 631 2432 r
639 2399 653 2434 e
661 2389 672 2433 t
681 2399 692 2433 s
702 2380 765 2433 chn
775 2382 895 2448 eider,
912 2385 931 2435 Ι.
945 2401 968 2438 c.
978 2385 1012 2437 Τ.
1022 2383 1079 2441 111.

119 2487 149 2536 p·
168 2469 243 2538 705).
278 2467 409 2538 Quantum
435 2487 499 2522 vero
521 2479 632 2540 uterque
650 2487 682 2522 eo
698 2471 855 2534 contulerit,
873 2480 902 2522 ut
917 2471 948 2523 S.
967 2472 1003 2524 C.
1020 2491 1081 2525 ma..

119 2560 159 2628 gis
174 2560 303 2627 tergisque
318 2559 507 2622 innotesceret,
518 2561 611 2610 exinde
629 2565 720 2625 patet,
739 2556 887 2625 quoditie,
902 2560 1078 2614 visitationum

119 2651 329 2712 opportunitate,
366 2649 432 2698 tales
457 2648 576 2712 inprimis
603 2645 800 2697 Ecclesiasticus
825 2665 931 2699 munere
955 2649 1076 2720 indignos

116 2735 291 2803 judicaverit,
311 2736 358 2804 qui
376 2733 406 2786 S.
423 2731 457 2786 C.
472 2733 553 2800 ignari
570 2741 672 2799 errent,
689 2734 733 2787 hic
749 2743 837 2788 autem
851 2754 909 2788 cum
932 2739 1001 2803 alia,
1020 2747 1076 2792 tum

117 2839 182 2876 vero
195 2824 272 2874 etiam
286 2824 321 2875 Ν.
339 2825 374 2874 Τ.
388 2823 533 2886 librorum,
551 2841 665 2875 necnon
685 2825 846 2878 Psalmorum
864 2828 1023 2896 aliorumque
1038 2829 1077 2882 V.

116 2911 154 2964 Τ.
172 2913 285 2978 partium
300 2911 444 2962 versionem
467 2911 600 2964 Finnicam
624 2913 774 2982 perfecerit.
809 2931 836 2966 v.
861 2913 886 2964 D
897 2933 912 2965 a
925 2917 994 2981 lin,
1011 2919 1031 2970 l.
1049 2935 1073 2970 c.

116 3000 193 3062 c.8,
215 2997 269 3066 §5.
305 2998 470 3064 Baeiter,
490 3002 662 3075 i.c.p.278.

152 3091 192 3157 (ι)
212 3087 253 3139 De
278 3085 329 3140 hoc
353 3089 410 3138 siro
433 3089 469 3140 ita
490 3087 761 3145 Melanchthon
778 3091 806 3142 in
824 3091 907 3160 Epist.
926 3091 959 3142 ad
978 3091 1073 3144 Ner-

116 3194 291 3229 mannum:
314 3179 406 3230 Venit
423 3178 463 3228 ad
480 3187 510 3229 te
528 3179 577 3230 liic
597 3183 724 3244 Soccus,
748 3181 917 3250 Magnus,
935 3183 984 3235 eir
1002 3199 1072 3232 sru-

116 3266 200 3316 ditus
218 3267 250 3316 in
270 3266 469 3334 Philosophia
486 3276 517 3316 et
531 3269 671 3318 doctrina
683 3269 859 3318 Christiana
875 3279 906 3318 et
921 3270 1074 3318 honestis-

116 3353 204 3404 simis
220 3352 351 3402 moribus
370 3365 482 3401 ornans
497 3368 554 3402 suc
572 3353 675 3404 studia
694 3363 723 3402 et
745 3356 842 3404 Deum
867 3371 938 3406 vera
954 3355 1073 3422 pietate

116 3441 217 3492 colena
235 3474 259 3493 ..
272 3475 297 3491 ..
335 3439 434 3489 Tanto
451 3447 497 3488 est
515 3441 609 3508 ipsius
625 3441 743 3510 Magni
759 3441 874 3504 virtus,
894 3451 927 3493 ut
943 3459 1001 3493 non
1018 3441 1076 3492 du-

116 3530 208 3580 bitem
225 3537 255 3579 re
272 3537 302 3578 et
320 3527 401 3578 alios
415 3529 576 3597 prudentes
592 3539 691 3582 oestro
702 3530 823 3598 judicio
834 3545 897 3581 eum
907 3531 1076 3598 compleru-

117 3623 239 3669 r'osesee
255 3624 286 3666 et
304 3615 486 3667 invitaturus
501 3619 540 3670 ad
553 3618 760 3670 Bocleeiorum
778 3618 810 3670 in
830 3622 941 3690 patrio
964 3619 1075 3688 guier-

117 3708 282 3756 norionem.
318 3701 632 3786 Bretschneider,
653 3709 670 3758 Ι.
688 3724 711 3758 c.
729 3707 762 3758 T·
778 3707 823 3772 V,
841 3728 870 3776 p.
886 3710 928 3782 94.

153 3794 193 3858 (2)
212 3791 262 3844 Hie
279 3794 390 3860 primum
413 3795 440 3844 in
466 3795 526 3847 auia
552 3798 640 3865 regia,
666 3797 727 3849 dein
739 3813 808 3848 aero
826 3799 894 3849 inter
909 3793 1073 3852 Christianos

117 3879 274 3944 Genaunes,
297 3881 413 3934 doctoris
429 3899 535 3935 munere
551 3887 673 3946 functus,
690 3884 794 3936 tradem
811 3886 862 3938 ΑΟ.
882 3885 944 3956 1571
962 3885 1077 3953 Epiacu-

116 3987 169 4039 pus
181 3969 361 4037 Lincopiensis
378 3979 479 4022 creatus
494 3979 547 4038 est,
566 3974 660 4040 quibus
674 3973 824 4022 muneribus
840 3973 877 4024 ita
893 3976 1024 4041 praefuit,
1043 3986 1075 4029 ut

116 4057 238 4127 inprimis
267 4057 302 4108 ob
332 4060 501 4112 constantiam
520 4061 547 4112 in
566 4061 661 4113 tuenda
684 4063 804 4114 doctrina
827 4063 933 4129 puriore
956 4083 1071 4136 maguam

115 4147 168 4201 sibi
184 4148 278 4202 samum
295 4148 490 4218 comparaverit.
525 4147 724 4204 'l'hemaeus
737 4167 764 4219 p.
783 4167 839 4222 197.
