2698 4792
512 357 654 418 ..3-

100 545 239 626 pretium
255 543 376 604 videtur
393 541 453 626 (Ι).
495 543 607 606 Gentes
634 563 707 608 vero
723 545 817 620 istae,
839 541 1060 626 ntiqui-tut·

100 660 301 742 temporibus,
340 660 475 724 nondum
505 663 540 722 in
571 671 666 722 uuum
693 663 841 744 popul·
866 663 1053 725 meluerunt.

99 781 211 842 Contra
226 799 319 854 vero,
342 779 575 861 patriarchalem
594 781 717 846 vivendi
734 781 882 846 rationem
899 781 1050 861 aliquate-

96 921 153 960 nus
170 903 355 977 referentes,
379 903 516 984 singulae
535 904 634 964 tribus
658 903 719 962 suis
746 899 884 962 subditae
909 897 1053 958 vivebant

95 1019 297 1100 principibus.
338 1019 401 1081 Etsi
428 1029 530 1082 sutem
555 1040 629 1101 prae
652 1021 779 1081 eaeteris
796 1019 981 1080 austeritate
998 1033 1051 1076 va·

94 1135 198 1198 lorent
217 1155 303 1217 reges
321 1135 524 1218 Upsaliensos,
552 1138 597 1199 ita
623 1147 725 1198 tamen
752 1137 863 1197 horum
887 1134 1055 1196 auotoritas

94 1253 133 1313 ab
160 1254 200 1314 iis
225 1272 288 1315 non
316 1273 433 1334 semper
459 1255 680 1333 agnoscebatur
699 1253 767 1336 (2),
790 1254 886 1314 donee
911 1247 1050 1322 tandem,

94 1371 148 1450 qui
171 1371 368 1454 Ysspueorum
393 1369 442 1452 (3)
460 1371 594 1432 familiae
611 1379 831 1444 succenserent,
850 1349 959 1449 ,regem
982 1386 1054 1428 sen·

128 1629 171 1696 (ι)
191 1623 366 1677 lohannes
379 1623 417 1676 Μ.
434 1625 454 1679 1.
473 1641 497 1678 c.
513 1651 531 1667 -
546 1625 720 1694 Descriptio
735 1641 812 1678 nova
829 1625 971 1687 Sureiar,
994 1625 1055 1676 Go-

93 1715 204 1778 tlss'ur,
229 1714 387 1784 magnique
412 1711 542 1763 ducatur
562 1713 746 1766 Fiuiursdiue
764 1711 1054 1781 ue.sm·t.1656.p.

94 1801 536 1871 1-50.Lagerbring,1.c.
562 1799 753 1872 r-Geijer,
779 1799 1054 1856 uulneressfflsr.

93 1890 127 1942 Τ.
146 1890 182 1955 Ι,
201 1907 225 1942 c.
243 1910 270 1945 2.

129 1979 172 2050 (α)
192 1978 294 2030 florum
311 1980 449 2032 nonnullos
464 1978 756 2048 Hsirudskouungur,
775 1975 1051 2046 Fp'lkirkouungur,

98 2061 323 2136 Smtibossungur
336 2065 437 2132 dictos,
455 2075 572 2120 recenset
587 2067 612 2118 L
623 2067 843 2134 rgerbring‚
861 2067 879 2118 Ι.
898 2081 922 2116 c.
937 2081 963 2116 c.
978 2065 1005 2117 8.

130 2151 172 2222 (3)
191 2153 230 2205 Ut
250 2154 371 2222 deinceps
387 2157 588 2225 gubernatorum
610 2154 780 2207 Sueeicorum
794 2153 863 2205 nuda
880 2154 984 2204 uomina
999 2167 1055 2221 po·

93 2257 158 2291 uere
182 2241 280 2304 liceat,
299 2243 435 2308 ordinem,
457 2262 511 2313 qno
534 2243 637 2295 sibimet
658 2243 769 2298 invicem
790 2249 985 2306 successerunt,
1008 2239 1053 2292 hie

92 2328 263 2380 indicandum
284 2347 337 2383 etse
361 2331 433 2384 duri.
467 2328 527 2400 Qus
552 2341 637 2385 tamen
653 2333 680 2384 in
695 2350 725 2384 re
741 2331 776 2384 rb
794 2330 888 2383 Odirro
905 2330 1048 2397 incipiam,

92 2417 328 2487 quandoquiduu,
345 2437 412 2489 quae
425 2420 458 2472 de
471 2421 591 2489 regibus,
609 2440 624 2474 a
640 2423 723 2490 stirpe
742 2418 976 2470 Feruiotlssrieu
993 2419 1051 2469 ori-

93 2507 172 2558 undis
181 2543 189 2570 ,
199 2509 350 2576 traduntur,
359 2509 507 2581 mythurusu
516 2511 618 2579 potius,
628 2525 706 2578 quam
716 2506 839 2560 historias
848 2541 857 2572 ,
866 2507 979 2576 speeiem
986 2521 1051 2574 prae

94 2612 120 2648 se
136 2597 235 2648 ierunt.

324 2685 349 2736 Ι.
578 2683 630 2734 tlt
641 2689 666 2734 et
682 2681 781 2752 Yugue.

154 2773 233 2824 outn
249 2774 367 2844 ejusque
378 2771 503 2840 portari.
569 2768 692 2838 Hugleik.

125 2865 128 2870 '
154 2861 200 2931 (Y
201 2875 357 2931 ngurarum
370 2859 519 2931 familia).
574 2857 717 2912 Jorundar.

93 2950 178 3004 Odin.
576 2951 635 3000 Ano
650 2963 671 2997 s.
690 2946 774 2998 dune.

93 3037 221 3092 Niordsr·
570 3035 650 3106 Eigr'i.

94 3127 186 3196 Yngue
202 3125 279 3197 Frey.
571 3123 659 3178 Ottar.

94 3213 192 3283 Freya.
576 3215 640 3267 Adit
657 3231 678 3268 ι.
696 3215 773 3268 stris.

95 3303 185 3373 rjotn.
574 3302 675 3354 Eisten.

96 3391 227 3460 Suedger.
574 3390 695 3460 Yugwar.

94 3479 270 3534 Wuniander.
572 3477 678 3530 Anund.

93 3567 218 3624 Wisbur.
571 3567 685 3638 lngiatd.

93 3655 250 3710 Domslder.
792 3652 833 3706 Il.

93 3744 209 3800 Domar.
599 3747 683 3798 Iwar
700 3753 730 3795 et
750 3742 863 3812 Sigurd
876 3741 1016 3806 illerum·

93 3833 208 3904 Dygwe.
534 3895 538 3903 ,
714 3850 767 3905 qur
779 3829 908 3902 posteri.

95 3921 192 3993 Dager.
574 3921 827 3976 IwarWidsamruo.

97 4016 179 4082 Agna.
573 4009 675 4063 Harald
692 4005 843 4064 Hildetaud.
951 4077 954 4090 .
985 4071 991 4088 ὲ

98 4099 175 4156 strik
191 4108 217 4159 et
230 4097 309 4154 Erit.
576 4095 674 4168 Sigurd
688 4097 765 4166 liing.

894 4209 931 4264 μ
