2668 4784
644 369 806 426 ..72-

260 573 330 618 vere
355 553 512 634 puniverit
537 553 673 634 adeoque
695 555 881 616 exorientem
913 547 1118 615 innatismnm
1141 573 1210 636 rup-

258 673 412 753 presserit.

285 791 405 853 'Posset
421 809 492 852 sane
508 791 607 872 primo
624 790 735 851 obtutu
763 809 818 850 rex
835 790 934 850 videri
955 789 1026 850 hac'
1038 790 1071 848 in
1096 807 1134 849 re
1159 785 1213 869 po-

262 907 357 970 liticis
375 909 561 988 potissimum
580 907 689 970 ductus
712 907 805 968 inune
832 908 956 979 studiis,
990 908 1102 988 qnippe
1132 909 1216 988 qnod

263 1023 478 1104 Anebaptistne
491 1025 677 1086 docueruut:
700 1025 837 1104 gentium
854 1025 1046 1104 magistratui
1073 1025 1217 1085 obedien·

263 1142 336 1204 dum
352 1162 414 1204 non
431 1163 495 1204 esse
512 1144 576 1226 (l);
598 1163 704 1204 rerum
731 1150 871 1204 accurate
897 1159 962 1200 rem
991 1140 1218 1202 attendentssrm

264 1271 409 1341 appareat
425 1281 547 1323 necesse
565 1271 627 1335 est,
650 1261 787 1334 nullum,
809 1281 871 1340 qua
885 1261 1218 1322 hancsententiamde·

266 1377 387 1452 faudes,
402 1389 616 1457 argumentum
633 1379 750 1451 adesse,
762 1381 825 1439 sire
841 1380 874 1438 in
883 1381 1008 1440 Gustavi
1017 1381 1132 1452 verbis,
1156 1379 1220 1438 sire

264 1497 298 1555 in
316 1494 518 1556 fanaticorum
533 1496 701 1556 conatibus.
731 1497 796 1556 Rex
816 1499 896 1557 enim
914 1498 992 1558 hanc
1012 1495 1220 1558 tantummodo

269 1608 309 1670 ob
323 1629 442 1670 eausam
460 1613 530 1674 illos
547 1613 761 1692 reprehendit,
785 1615 1135 1691 quodnonealenitate,
1159 1631 1220 1673 non

269 1726 377 1790 ordine
403 1723 476 1800 illo,
499 1744 548 1786 res
574 1745 672 1796 sacras
699 1728 870 1788 instaurare
896 1731 998 1790 conati
1021 1738 1126 1802 erant,
1150 1729 1221 1809 qui·

270 1846 327 1906 bus
345 1865 422 1926 opus
440 1844 563 1918 fuisset,
587 1845 680 1906 sirel
697 1865 832 1924 unquam
847 1846 1143 1906 resevotooe'deret.
1166 1845 1222 1905 Fa·

268 1963 439 2028 ntti'corum
457 1972 559 2024 nutem
579 1973 704 2026 conatus
721 1961 803 2040 quod
820 1963 949 2033 attinet,
962 1964 1072 2022 merito
1089 1961 1223 2022 dubitari
1321 1980 1324 2003 ¹

270 2089 357 2159 posse
374 2083 512 2155 videtur,
537 2082 680 2164 quinhoo
693 2083 757 2161 jam
773 2090 908 2156 tempore
925 2078 993 2138 illas
1011 2099 1222 2160 propugnave-

270 2198 335 2260 rint
351 2199 392 2258 de
409 2200 588 2278 magistratu
616 2200 789 2280 opiniones,
822 2217 895 2278 quas
914 2197 1056 2278 deinceps
1070 2199 1223 2260 fovebant.

273 2314 437 2388 Quocirca,
460 2317 628 2376 inGustavi
638 2335 707 2375 cum
717 2315 856 2374 fanaticis
875 2316 1072 2388 commercio,
1084 2335 1224 2396 nonpos-

270 2451 373 2492 eumus
391 2452 452 2493 non
475 2453 579 2513 regem
607 2450 783 2511 agnoscere,
809 2432 1043 2494 Reformationis
1069 2434 1226 2495 commodo

272 2549 453 2612 studentem.
501 2551 575 2611 Cum
593 2569 656 2630 quo
672 2548 772 2610 studio
790 2549 816 2608 si
840 2549 999 2630 politicum
1026 2550 1226 2627 conjunctum

272 2665 379 2727 fuisset
396 2668 601 2746 propositum,
625 2667 832 2746 quaerendum
847 2666 906 2727 hoc
924 2667 1024 2746 potius
1038 2665 1116 2726 ieret
1125 2667 1159 2726 in
1168 2669 1225 2741 iis,

272 2802 352 2862 quae
379 2784 446 2843 eliis
469 2784 748 2862 opportunitatibus
778 2785 812 2842 in
836 2786 967 2846 Gustavo
989 2784 1228 2846 animadvertere

275 2899 367 2973 licet,
390 2919 481 2980 quam
501 2901 535 2958 in
552 2899 611 2960 hoc
628 2901 694 2978 ipso
712 2921 782 2962 cum
800 2902 949 2961 Fanaticis
967 2904 1158 2964 commercio.

280 3053 284 3062 ι
314 3018 377 3076 Nec
394 3026 495 3075 tamen
513 3017 548 3076 in
565 3015 820 3094 reprehendendis
838 3015 1061 3097 puniendisque
1078 3017 1228 3078 Fanaticis

273 3132 409 3192 substitit
418 3132 575 3192 Gusterus.
618 3132 718 3205 Quum
734 3133 832 3205 enim,
856 3133 938 3212 quod
955 3143 1123 3207 metuerat,
1147 3135 1227 3195 acci·

273 3249 376 3324 deret,
401 3249 598 3332 quodmulti,
617 3250 796 3312 Sanctorum
813 3251 974 3332 imagines,
998 3261 1127 3322 statuas,
1149 3259 1225 3312 caet.

274 3371 377 3450 magni
404 3371 612 3444 aestimantes,
645 3369 748 3433 andita
774 3371 882 3432 harum
909 3369 1069 3430 turbarum
1093 3369 1172 3430 fama
1189 3368 1227 3429 ad

274 3487 455 3548 seditionem
474 3489 713 3568 propenderent,
737 3487 858 3547 vulneri
886 3487 1032 3548 medelam
1057 3486 1223 3559 allaturus,

274 3605 336 3664 iter
354 3606 485 3684 suscepit
502 3605 596 3679 illud,
622 3605 704 3685 quod
723 3603 847 3664 sueciae
872 3625 959 3684 reges
976 3603 1122 3682 perficere
1147 3603 1226 3664 sole·

275 3718 366 3796 bant,
389 3741 480 3804 quam
500 3721 632 3800 primum
648 3722 687 3782 ad
703 3720 819 3800 regiam
834 3719 1015 3802 dignitatem
1031 3729 1226 3784 essentevec·

268 3887 516 3908 βψ

310 3998 349 4064 (ι)
368 3997 441 4050 Hanc
457 4000 604 4067 opinionem
618 3997 685 4048 inter
702 3998 930 4071 Anabaptittarum
952 3999 1076 4054 articulos
1098 4001 1161 4064 fidei
1180 4019 1226 4056 re·

276 4092 360 4138 censet
378 4085 552 4153 Bne-rius,
570 4089 617 4140 t.c
644 4086 742 4156 paea.
