2690 4790
532 393 714 460 -137-

123 574 170 635 ob
193 591 314 637 causam
335 575 477 638 laudibus
501 577 591 643 illum
618 579 877 648 condecoraudum
897 609 960 651 esse
987 611 1093 654 oense·

123 711 216 766 mus,
249 693 330 774 quod
355 715 412 776 pro
437 697 590 776 cogitandi
616 717 670 762 suu
694 702 814 764 ratione
828 723 891 766 non
907 705 1092 772 dubitaverit

124 829 145 870 a
165 810 351 872 Pontificum
374 813 504 876 decretis
530 835 621 896 quem
647 818 819 900 longissime
835 822 993 898 recedere,
1016 847 1094 907 quse

123 926 156 986 S.
181 928 215 990 C.
239 931 299 990 niti
321 931 380 1010 ipsi
396 951 458 992 non
476 915 660 997 viderentur.
718 973 720 980 ·

161 1044 212 1106 At
240 1053 330 1124 putet
355 1045 480 1108 fortasse
506 1051 672 1131 quispiam,
706 1053 870 1117 Gustavum
887 1059 984 1138 magis
998 1059 1094 1139 ipsius

121 1162 336 1236 matrimonii,
360 1183 451 1244 quam
475 1168 622 1228 ecclesiae
638 1168 861 1246 reformandae,
884 1175 984 1235 studio
1002 1175 1095 1238 fuisse

122 1279 284 1342 ductum?
320 1284 497 1344 Tenendum
518 1305 590 1346 vero
608 1287 774 1348 (iustarum
791 1289 851 1360 hoo
867 1292 1094 1355 matrimonium

121 1415 163 1458 ex
182 1399 438 1480 Evangelicorum
465 1404 616 1462 sententia
644 1404 788 1466 illicitum
806 1425 868 1467 non
885 1407 1021 1486 duxisse,
1045 1422 1093 1474 et·

122 1515 152 1575 si
183 1518 355 1596 suspicatus
383 1517 512 1578 sortasse
538 1518 594 1590 sit,
617 1517 685 1580 fors
701 1531 736 1582 ut
753 1525 894 1586 nonnulli
913 1529 1019 1608 seipsi
1036 1551 1092 1612 op-

121 1643 286 1712 ponerent
304 1633 361 1714 (1).
406 1635 506 1710 Quum
525 1653 598 1696 vero
615 1637 708 1697 semel
725 1639 904 1704 Laurentius
921 1646 1003 1708 Petri
1021 1649 1091 1710 alii·

123 1770 193 1831 que
212 1751 271 1831 ipsi
289 1752 480 1825 resisterent,
506 1753 597 1812 etiam
604 1752 898 1822 hucinreecolcsiae
915 1775 1091 1827 restauran-

123 1867 186 1929 dae
204 1869 307 1930 studio
323 1869 482 1931 indulsisse
500 1870 630 1933 videtur.
653 1874 808 1956 Quidquid
825 1889 927 1938 sutem
940 1891 1004 1954 est,
1027 1883 1093 1963 ipsa

123 2003 178 2046 res
196 1985 250 2047 hic
270 1987 358 2048 nohis
374 1989 567 2051 memoranda
583 1990 761 2066 videbatur,
785 2013 881 2072 quum
897 1996 936 2056 de
952 2001 1091 2079 proposi·

125 2111 180 2177 to,
206 2123 269 2186 quo
285 2125 340 2167 rex
357 2109 495 2186 regimen
521 2106 758 2168 ecclesiasticum
783 2109 985 2186 ordinaverit,
1009 2117 1089 2179 infe·

123 2221 194 2282 rius
211 2223 311 2284 acturi
328 2223 431 2283 simus.

166 2339 303 2418 Roganti
326 2357 416 2412 vero,
440 2358 501 2418 qua
518 2341 715 2418 auctoritate,
739 2365 801 2426 quo
823 2355 993 2432 proposito,
1028 2377 1089 2437 qua

123 2457 269 2529 ratione,
301 2475 363 2536 quo
389 2468 517 2532 eventu,
560 2460 708 2523 Gustavus
742 2463 889 2543 Regimen
924 2470 1088 2534 Ecclesias-

125 2575 226 2634 ticum
270 2575 430 2636 emendare
467 2583 593 2636 conatus
627 2579 684 2650 sit,
724 2582 966 2660 respondendum
1002 2590 1087 2651 ride-

123 2701 200 2768 tur;
223 2710 326 2770 regem
352 2711 390 2750 ex
418 2691 614 2765 auctoritate,
638 2702 670 2754 et
696 2697 726 2756 S.
748 2698 817 2759 Cod.
847 2712 879 2763 et
896 2703 1025 2768 decretis
1042 2708 1085 2770 A.

121 2805 314 2868 rosiensibus
340 2806 399 2885 ipsi
427 2806 513 2880 data,
553 2807 716 2874 Ecclesiam
751 2815 906 2880 Suecicam
929 2825 1086 2887 emendas·

120 2943 173 2996 se,
210 2941 246 2982 eo
284 2922 407 3002 quidem
432 2924 573 2999 consilio,
607 2937 642 2990 ut
668 2931 818 2996 Ecclesiae
845 2957 942 3020 aeque
963 2961 999 3002 ac
1027 2963 1082 3024 pu-

120 3039 204 3100 triae
229 3040 320 3100 saluti
355 3040 544 3120 consuleret3
574 3045 674 3126 ipsum
701 3059 801 3112 tamen
828 3053 887 3116 hac
912 3057 946 3118 in
972 3077 1007 3121 re
1023 3081 1083 3139 uec

120 3177 257 3236 semper,
289 3179 346 3220 nec
370 3160 469 3222 ubivis
491 3162 576 3240 justa
594 3167 713 3227 ratione
735 3174 915 3249 processisse
949 3187 981 3236 et
1008 3181 1080 3258 plu-

120 3277 203 3336 rima
219 3287 377 3355 praeterea
393 3277 578 3340 emendanda
596 3283 788 3358 superfuisse.
829 3288 977 3353 Nimirum
1003 3295 1081 3357 Gus-

159 3510 201 3581 (ι)
224 3510 297 3564 Patet
314 3508 365 3562 hoc
378 3527 410 3560 ex
425 3506 540 3577 Epistola
555 3527 634 3578 quam
648 3512 680 3563 ud
694 3512 864 3568 Laurentium
880 3517 955 3574 dedit
971 3541 1022 3592 qne
1036 3529 1082 3580 in·

123 3606 165 3652 ter
181 3599 248 3664 alis,
268 3599 335 3652 haec
351 3598 533 3650 continentur:
554 3599 611 3666 Wy
620 3601 778 3671 formante
794 3605 866 3656 kdre
885 3611 1082 3688 Erks'ebs'rkop

124 3689 222 3747 Lars,
251 3691 285 3734 ar
306 3699 367 3736 som
385 3687 404 3754 j
430 3687 502 3737 iiten
524 3705 560 3738 en
584 3687 618 3738 ud
645 3688 779 3760 ddrliger
801 3697 855 3746 ocls
871 3698 1080 3772 fdrstdnds'ger

128 3774 279 3824 Swsnskes·
289 3788 371 3836 man,
385 3774 420 3826 sd
430 3775 548 3840 fierrun
565 3773 606 3825 sil
618 3776 1085 3859 edcrtwersndheafskildisrdm'

127 3861 178 3909 tho
193 3860 685 3932 Pdfwiskesogrundadcstadgor,
705 3873 739 3914 at
745 3867 763 3932 j
781 3869 1015 3941 intstfdrneken
1024 3883 1079 3934 Osz

126 3945 251 3998 bemelte
263 3947 495 4018 Wutlsoruigcn
502 3949 649 4024 Jungfrou
657 3953 753 4004 Wdor
762 3955 1061 4032 alskeligefdrtemiib'
1068 4005 1077 4032 ,

118 4033 175 4102 so'r
197 4032 267 4086 then
290 4036 447 4108 skyldskop
470 4035 562 4087 denne
585 4038 713 4092 amellos
738 4043 791 4094 cols
818 4047 900 4104 Saul.
925 4053 1082 4128 Drotns'og

126 4123 281 4193 Morgnto
298 4121 434 4188 befinnes.
469 4122 658 4194 llellmsu,
679 4129 697 4180 l.
715 4144 738 4182 ο.
