2668 4784
512 339 672 402 ..05-

106 543 156 600 re,
189 543 239 586 res
260 535 336 586 esset
363 521 550 586 difficillime
594 525 692 598 Quem
708 525 750 586 ob
776 544 840 588 rem
867 529 1058 594 cunnus

105 641 260 702 condenda
273 641 446 704 ldonsrehia
459 642 611 702 abstinere
624 640 794 718 debuisset,
819 645 845 704 si
859 646 931 723 jure
947 646 1005 706 ista
1022 653 1056 708 et

103 759 260 838 privilegia
288 761 406 820 intacta
438 760 614 840 relinquere
642 759 795 822 voluisset.
848 760 926 822 llaec
956 771 1074 822 autem·

102 894 196 954 quum
224 874 365 950 tolleret,
388 874 550 936 Ecclesiam
577 877 705 956 ejusque
721 851 875 938 ruinistros
894 875 1054 956 aggredie-

99 989 201 1054 batur.
243 993 378 1052 Primum
394 992 516 1073 quidem
532 992 721 1073 propositum
744 1013 831 1054 suum
858 991 978 1072 ”sequi
1005 1009 1056 1050 eo-

98 1117 191 1168 natus
209 1118 253 1170 est
268 1108 422 1172 Pontilieis
439 1109 582 1182 Romani,
606 1129 698 1190 quem
715 1110 929 1182 reverebatur,
952 1127 1055 1168 assen-

97 1245 153 1300 su;
175 1225 228 1286 sed
245 1247 339 1308 quum
364 1225 417 1288 hic
444 1227 537 1288 etiam
563 1227 737 1299 resisteret,
766 1224 974 1302 obedientiae,
997 1226 1056 1305 ipsi

96 1343 234 1418 debitae,
258 1344 436 1404 renuntiare
451 1362 515 1414 non
532 1343 695 1402 dubitavit.

135 1459 224 1520 Idem
249 1459 460 1538 aliquatenus,
483 1458 517 1516 in
543 1456 677 1536 Euthero
701 1445 940 1520 animadvertere
970 1459 1054 1520 licet.

94 1576 152 1638 llic
173 1577 272 1648 enim,
296 1576 354 1635 etsi
372 1575 431 1636 elia
446 1575 579 1656 primum
596 1574 654 1634 sibi
671 1585 855 1655 proponeret
870 1596 961 1656 quam
975 1577 1052 1638 eus·

94 1702 201 1768 tavus,
226 1693 327 1756 velsic
345 1694 496 1754 tamenin
514 1711 550 1752 eo
569 1712 639 1754 cum
657 1692 780 1754 Sueciae
797 1713 871 1774 rege
889 1693 1049 1766 convenit,

94 1810 195 1890 quod,
219 1810 428 1872 consentiente
445 1809 544 1870 Leone
569 1810 612 1886 X,
643 1813 833 1892 propositum
859 1831 947 1872 suum
972 1829 1052 1870 esee-

94 1929 150 2008 qui
167 1938 339 1990 conaretur.
361 1926 510 1988 Ecclesiae
526 1929 601 1990 vitia
618 1929 778 1990 emendare
791 1929 907 2002 voluit,
919 1947 977 1988 nee
994 1927 1052 1990 du·

93 2045 207 2106 bitarit
231 2043 279 2125 (1)
300 2044 376 2124 quin
395 2045 453 2124 ipsi
470 2045 668 2105 assentiretur
686 2045 838 2106 Ecclesiae
853 2043 1052 2123 gubernator.

95 2163 154 2237 Qui
181 2182 277 2242 quum
302 2162 483 2224 monachum
511 2161 551 2222 cb
579 2161 677 2222 audax
703 2162 891 2243 propositum
919 2163 952 2224 iu
978 2161 1053 2224 hae·

92 2283 261 2344 reticorum
277 2299 438 2340 numerum
456 2278 600 2351 referret,
623 2277 691 2354 hic,
714 2279 799 2342 hulla
815 2281 917 2361 papali
933 2291 966 2342 et
992 2283 1050 2344 Ju-

91 2418 126 2458 re
155 2398 308 2460 Canopico
325 2399 357 2458 in
374 2397 506 2460 flammas
530 2397 672 2476 injectis,
696 2397 851 2462 Pontificio
878 2399 1057 2460 auctorite-J

92 2525 157 2576 tem
176 2535 207 2576 se
223 2535 367 2596 spernere
383 2513 558 2576 declaravit.

178 2749 334 2810 Gottoous
354 2747 503 2830 Episcopo
522 2745 739 2827 hierapicra,
763 2747 989 2828 effrenatione·

380 2862 553 2938 resistenti,
578 2885 611 2924 se
631 2865 766 2946 opponit.

131 3104 176 3166 En
201 3101 262 3164 fnit
287 3121 391 3164 rerum
414 3102 624 3183 politicarum,
648 3122 719 3162 cum
736 3104 946 3166 ecclesiasticis
964 3115 1049 3168 arcte

93 3221 344 3300 conjunctarum,
363 3219 515 3292 conditio,
536 3227 573 3276 ut
591 3236 644 3276 sua
662 3229 769 3296 sponte
787 3220 918 3280 ulterius
935 3223 969 3280 in
980 3221 1049 3300 'dies

92 3336 273 3422 procederet
293 3337 450 3398 Gustevus.
494 3333 553 3408 Qui
580 3331 661 3390 enim
687 3331 745 3412 ipsi
771 3333 858 3392 Pont.
880 3335 965 3396 Rom.
987 3356 1051 3396 sese

93 3465 292 3538 opposuerat,
316 3453 368 3516 hio
400 3453 576 3534 Episcopos,
601 3447 856 3510 Reformationem
881 3449 1047 3534 prohiberi.

94 3587 158 3649 tes,
192 3591 370 3656 oppugnare
396 3571 478 3632 hand
503 3571 722 3638 reformidavit.
766 3575 831 3649 Quo
858 3573 990 3648 fectum,
1014 3583 1050 3634 ut

94 3693 224 3754 interius
240 3693 405 3754 Ecclesiam
423 3691 579 3754 Suecicam
596 3691 755 3754 emendare
772 3694 957 3756 institueret.
989 3693 1048 3756 Gu-

128 3973 167 4045 (ι)
186 3971 303 4041 Epistola
321 3973 354 4024 sd
370 3973 447 4026 Pont.
462 3970 538 4024 lton.
555 3974 616 4026 drtr
635 3973 685 4028 A0.
698 3973 763 4029 1518
778 3974 846 4044 apud
862 3973 901 4028 de
916 3975 1053 4040 Wctte,¹

98 4062 228 4116 Lutdere
241 4060 343 4132 Briefe
356 4068 406 4118 ete.
424 4059 460 4116 Τ.
477 4057 512 4130 1,
530 4081 558 4134 p.
576 4080 633 4136 ¹¹9·
650 4139 676 4150 Η

913 4170 933 4228 5
953 4145 957 4152 .
