2668 4784
543 392 704 453 ...08-

132 579 318 660 episeopum
328 577 498 650 ‘monuissm
522 585 711 658 quantopere
727 575 826 640 offieio
842 595 897 638 suo
909 576 1042 652 ἄσαισι,
1062 581 1094 640 st

134 693 215 756 hino
241 695 329 756 illum
354 695 537 769 stimulasse,
560 704 597 756 ut
614 695 792 775 perfioeros,
824 713 920 775 quse,
943 693 1093 756 olibristi

133 815 315 888 voluntate,
338 813 523 894 perlioieudu
538 814 598 895 ipsi
615 822 712 876 eraut.
754 815 915 876 Praetereo
939 831 1011 874 vero
1034 813 1095 894 ipsi

130 931 307 1012 persuasit,
331 940 367 992 ut
392 931 525 992 laborem
542 931 677 1006 subiret,
701 933 772 1012 qui,
796 932 822 992 si
846 949 983 1013 unquam
1009 929 1094 994 ebse-

128 1046 224 1108 lutus
242 1045 364 1122 fuisset,
386 1067 447 1108 non
464 1047 613 1129 potuisset
630 1066 693 1108 nou
707 1050 875 1112 multorum
882 1049 1095 1128 euimosprse·

129 1183 263 1244 perere,
287 1167 341 1247 qui
357 1165 499 1245 deineeps
516 1183 626 1228 novem
643 1167 813 1230 deotrinrm
831 1167 1016 1247 reciperent.
1055 1163 1095 1226 llt

128 1284 219 1344 enim
245 1285 341 1364 magis
366 1285 523 1364 magisque
548 1303 621 1346 veru
648 1284 760 1346 Christi
777 1283 918 1344 doetriue
935 1281 1095 1344 obliterata

125 1400 256 1476 fuerat,
278 1411 440 1483 postquem
457 1404 487 1462 S.
509 1403 542 1462 G.
565 1400 742 1462 Christianis
760 1408 883 1479 ereptus
897 1397 1016 1473 lueret,
1047 1399 1092 1461 its

127 1520 341 1581 reviviscebat
366 1519 488 1593 eedem
521 1537 590 1580 oum
615 1516 774 1599 limpidum
805 1517 942 1579 veritatis
977 1516 1094 1580 iontem

127 1636 224 1697 edire
248 1645 371 1717 possent
396 1655 508 1698 omnes.
549 1636 587 1696 lu
604 1635 713 1697 Suesia
729 1642 830 1696 eutem
846 1635 937 1715 psuoi
954 1644 1091 1698 tentum·

126 1755 226 1816 modo
250 1761 455 1832 eognoveveut
480 1752 511 1814 S.
541 1752 680 1814 Codicum
707 1751 764 1836 (1).
806 1751 942 1815 Ades-sut
968 1753 1092 1834 quidem

125 1871 351 1932 nonnullarum
368 1869 461 1950 hujus
486 1870 559 1930 libri
578 1871 711 1951 partium
734 1871 887 1932 versiones
905 1879 938 1929 et
956 1871 1091 1950 expliea-

127 1989 232 2050 tioues
260 1986 325 2070 (2),
358 1987 410 2048 sed
435 1988 493 2048 boe
518 2007 581 2050 uon
607 1987 697 2049 modo
729 2005 839 2066 magno
875 1986 1092 2065 eompurmdse

126 2117 221 2170 erunt
252 2108 371 2189 pretio;
410 2125 517 2166 verum
552 2105 735 2184 plerumque
781 2104 873 2164 etium
915 2103 1090 2183 lingusrum

125 2226 336 2306 ignoruntium
352 2224 540 2305 prodebant,
556 2221 645 2299 eujus
662 2221 709 2280 rei
727 2221 897 2306 exemplum
914 2221 1023 2284 efferre
1039 2223 1090 2284 lu·

126 2341 204 2405 bet:
227 2366 320 2422 seps
337 2346 437 2407 terrra
454 2357 516 2400 non
542 2337 635 2400 verbe
661 2338 755 2402 latine
781 2349 871 2417 sunt3
904 2339 957 2402 sed
980 2361 1090 2422 gruem

129 2471 164 2524 et
182 2463 264 2524 idem
282 2461 454 2542 significent
472 2481 525 2524 eo:
556 2479 573 2519 o
601 2461 722 2520 domine
745 2461 914 2531 miserm
935 2479 1007 2522 num
1026 2481 1090 2522 ser-

126 2600 221 2642 mone
237 2598 364 2660 mesco,
387 2603 451 2659 eope
479 2578 631 2656 signifieat
648 2579 787 2651 domino,
809 2583 922 2651 lma,
943 2578 1090 2637 miserere

127 2713 162 2764 et
181 2715 253 2784 xps-s
270 2708 386 2774 imos,
422 2699 565 2758 Christus
593 2698 755 2767 miserore,
787 2695 836 2756 vel
855 2697 947 2758 etita
961 2721 1024 2780 sepo
1042 2708 1089 2760 est

131 2823 301 2897 Christum
331 2837 360 2883 st
388 2829 433 2881 est
453 2819 556 2894 Deos,
579 2841 617 2886 m
635 2826 682 2880 est
701 2817 864 2892 miserere,
887 2843 932 2880 ru
950 2827 997 2878 est
1016 2837 1088 2878 ssor-

160 3045 206 3118 (ι)
224 3043 354 3098 Nimirum
370 3044 478 3096 fuerunt
494 3041 602 3112 quidem
617 3041 758 3106 nonnulli,
775 3041 823 3112 qui
839 3057 893 3096 neu
906 3042 1087 3113 plsuebospi-

124 3143 169 3190 tes
185 3134 239 3186 diei
255 3142 358 3202 possent
373 3133 402 3184 iu
421 3131 449 3185 S.
467 3131 556 3195 Cod.,
572 3139 601 3184 ut
617 3149 644 3184 v.
662 3149 684 3184 c.
701 3132 855 3184 ,Iohannes
866 3133 976 3193 Prsst,
993 3146 1089 3182 mons-

124 3223 194 3278 chus
207 3222 409 3284 Vodsteuensis,
428 3220 461 3270 ds
478 3236 531 3287 quo
544 3227 653 3271 testetur
669 3219 763 3272 Dior.
780 3219 806 3273 V
817 3220 901 3272 adst.
918 3235 1029 3269 omnem
1043 3217 1087 3268 il-

125 3313 193 3366 lum
208 3308 335 3362 bs'bls'am
354 3307 482 3360 scivisse
510 3305 601 3374 quasi
622 3307 792 3358 cordetenus
818 3305 1083 3374 (Leges-bring,

125 3399 166 3453 Τ.
181 3397 249 3461 111,
276 3413 300 3449 e.
318 3413 370 3459 ια,
398 3400 468 3466 99,
495 3408 525 3442 u.
545 3392 579 3460 ι.)
597 3399 624 3446 st
646 3393 796 3446 Iohannes
819 3396 880 3456 M„
898 3393 931 3444 ds
948 3390 1087 3460 quoidem

125 3491 214 3544 fertur
230 3488 264 3559 (li
276 3485 359 3547 ihs,
378 3486 396 3535 l.
415 3499 440 3534 c.
457 3479 492 3534 L.
511 3479 559 3543 Χ,
576 3483 593 3551 §
613 3481 690 3553 197);
717 3481 764 3532 sed
785 3481 903 3549 plerique
923 3481 995 3532 illem
1016 3481 1089 3534 haud

126 3583 315 3648 coguoverunt.
350 3572 435 3627 Senex
452 3569 583 3640 quisdam:
604 3585 620 3618 u
638 3571 666 3620 in
683 3570 820 3620 maximum
831 3565 864 3632 ,''
881 3567 982 3638 iuquit,
1004 3592 1021 3626 o
1038 3587 1085 3622 rs·

127 3671 188 3740 pior
205 3664 421 3723 admirationem,
441 3659 511 3728 quod
529 3659 625 3710 multos
641 3657 720 3710 bodie
737 3658 840 3711 rudiam
857 3662 979 3727 juvenes,
998 3659 1035 3713 N.
1051 3661 1084 3716 F.

128 3759 197 3812 dicte
213 3755 286 3826 qussi
302 3753 329 3805 iu
343 3767 389 3804 ore
402 3747 534 3799 hebentes.
559 3747 611 3799 Per
626 3747 712 3812 diem,
730 3747 764 3805 50
781 3765 906 3800 sueorum
919 3757 996 3801 ustus
1014 3767 1083 3805 ersrn

129 3856 283 3914 ,nusquam
298 3842 424 3894 sciverem
440 3834 585 3904 cujusmodi
600 3835 702 3890 tandem
719 3837 763 3890 hio
778 3837 845 3890 liber
859 3836 959 3892 esset.’'
976 3855 1003 3894 v.
1015 3838 1041 3892 D
1051 3861 1084 3896 ι.

128 3940 183 3990 liu
205 3931 365 3994 T.111,c.
382 3927 417 3992 5,
437 3925 502 3996 55,
526 3933 582 3978 not.
600 3927 651 3996 (g).

163 4019 203 4088 (α)
222 4015 388 4080 Boeltss,
406 4017 424 4068 l.
442 4031 508 4082 ep.
526 4016 584 4070 nee.
610 4015 841 4084 Legerbriog
861 4015 896 4070 Τ.
922 4018 970 4089 11,
990 4035 1079 4082 sno,

131 4114 146 4180 §
166 4127 215 4178 ιι,
240 4125 267 4164 v.
284 4106 469 4170 Delin,'l'.
490 4106 529 4158 11.
548 4123 573 4162 e.
588 4121 640 4172 20,
661 4109 820 4173 §11,uot·
836 4103 889 4174 (hl.
