2698 4792
106 572 185 614 rnen
204 553 497 630 Ecclesiasticorunr,
529 553 644 634 quippo
670 556 725 634 qui
744 557 839 636 magis
860 573 972 636 angero
999 553 1080 618 diri·

108 675 174 734 tias
194 673 370 746 studerent,
389 691 479 754 quam
505 671 716 736 administrare
743 674 901 754 publicum
922 673 1080 753 religionis

106 791 238 852 cultum
261 789 327 872 (1),
356 799 389 852 et
417 791 589 871 prospieere
611 792 762 871 juvenum
795 790 986 851 institutioni
1013 788 1074 873 (2).

106 908 177 978 ssd,
194 909 422 990 qualiscunque
443 909 537 970 luerit
553 909 696 982 illorum,
718 926 850 989 qnorum
876 908 937 968 hoo
960 916 1078 988 unp·

104 1045 141 1088 re
169 1027 387 1090 familiaritate
414 1027 556 1090 utebatur
576 1028 740 1102 Gustarus,
766 1029 806 1089 dc
832 1029 967 1093 Luthero
996 1027 1080 1106 ajars

103 1161 174 1224 que
201 1143 312 1224 agendi
334 1146 452 1208 ratione
471 1147 639 1220 sententia,
663 1148 814 1208 Goetarus
828 1150 893 1228 ipse
907 1149 972 1226 jam
989 1153 1080 1208 antae

103 1263 259 1342 pessimos
292 1263 479 1326 Clerioomnr
505 1283 604 1326 mores
630 1275 815 1345 cognoverat
832 1275 865 1326 et
878 1264 980 1325 odium
1005 1281 1080 1344 erpa

103 1381 193 1461 ipsos
227 1391 418 1461 conceperat.
460 1381 549 1442 Nunc
582 1391 684 1442 autern
719 1382 854 1442 innotuit
880 1382 953 1461 ipsi,
985 1399 1079 1462 quam

103 1498 242 1558 fortiter
258 1500 293 1558 in
311 1498 472 1562 Germania
490 1495 641 1558 lutherus
657 1497 781 1560 illorum
799 1498 945 1579 pravitati
961 1513 995 1556 ee
1021 1513 1079 1576 op·

104 1623 263 1694 posuerat
280 1614 373 1674 etsie
396 1612 519 1692 quidem
537 1614 585 1676 ria
609 1616 667 1695 ipsi
686 1615 894 1689 indicabatur,
915 1633 1010 1696 quarn
1027 1616 1080 1676 in-

105 1733 207 1813 gredi
225 1732 368 1812 deinceps
386 1740 496 1811 posset,

152 1850 270 1912 Verum
297 1851 379 1912 errim
396 1851 517 1910 veroin
533 1849 583 1910 lria
607 1851 830 1914 srffldstaudnm
855 1867 919 1911 non
945 1849 1080 1910 videtur.

107 1965 253 2034 Etenim,
277 1967 360 2046 quod
387 1965 529 2048 deinceps
558 1969 729 2030 lutherum
747 1969 831 2029 iuter
856 1977 890 2028 at
917 1967 1084 2028 Garum

108 2083 153 2144 de
170 2085 263 2144 rebus
280 2085 463 2164 gravissimis
480 2085 617 2148 obtinuit
629 2087 828 2166 epistolarum
843 2084 1077 2156 commercium,

108 2202 189 2262 satia
216 2222 368 2282 superque
392 2203 483 2266 docet
500 2204 681 2278 (lrrstavum,
704 2203 743 2266 ab
759 2203 815 2264 illo
832 2203 904 2263 inde
922 2212 1078 2284 ternpus,

109 2338 178 2398 quo
205 2319 346 2382 Lnbeoae
370 2319 489 2400 degit,
505 2321 683 2382 Germaniae
709 2320 949 2384 Reformatorem
975 2321 1080 2400 magni

109 2436 299 2499 aestimasse.

106 2798 376 2814 Ἠ

149 2935 190 3002 (ι)
210 2929 315 2984 Etenim
332 2929 462 2998 publicam
479 2927 598 2980 Clericus
620 2928 761 2996 neglexisse
784 2928 918 2998 religionis
945 2929 1079 2981 exercite·

113 3027 235 3084 tionem,
254 3027 360 3088 apparet
375 3037 390 3069 e
405 3018 504 3086 legibue
521 3017 638 3070 instituti
656 3017 691 3068 ad
708 3019 900 3070 emendandum
915 3025 1019 3072 tantm
1034 3037 1080 3074 aa·

114 3129 209 3175 crum,
231 3109 321 3179 quod,
340 3109 390 3160 ΑΟ.
409 3107 493 3172 1462,
523 3108 591 3158 circe
616 3112 736 3162 nonnulli
760 3109 925 3163 Lubeceneer
947 3112 1079 3168 sundere-

114 3183 183 3252 rent.
218 3197 250 3250 Iu
269 3197 309 3248 his
321 3197 390 3247 euim
408 3197 507 3263 legibue
526 3195 574 3245 hoc
590 3205 679 3247 erant:
699 3199 752 3247 oclr
767 3199 871 3250 willeri
887 3199 921 3248 de
936 3199 1082 3252 Ver-eten-

114 3292 207 3341 deren
225 3286 324 3347 nieht,
342 3285 397 3335 dee
412 3285 447 3335 de
464 3287 586 3335 Praeter
601 3284 661 3333 and
680 3285 810 3350 &angera
833 3286 871 3334 de
898 3285 1028 3354 Vespera
1047 3305 1081 3338 ao

115 3395 157 3430 ers
179 3371 388 3438 tertullum,
417 3385 480 3424 men
502 3387 534 3422 ee
556 3369 677 3420 achillea
699 3386 731 3420 ae
754 3368 980 3424 dercledele'kerr
1003 3373 1082 3426 uelde

115 3466 250 3518 derlikcn
266 3463 394 3532 singem
413 3468 440 3511 et
453 3475 551 3526 porro:
570 3473 601 3507 se
617 3455 738 3510 eccetan
756 3457 814 3506 wel
830 3465 861 3507 to
875 3459 960 3522 sien,
979 3459 1033 3510 dot
1049 3478 1082 3512 se

116 3565 148 3607 to
168 3553 290 3606 rechten
308 3547 398 3614 rddere
415 3547 589 3611 erechinen,
609 3543 717 3596 andero
743 3543 777 3594 de
810 3545 1027 3598 Vorsterrderen
1050 3561 1082 3600 et

116 3643 248 3713 assertore
264 3636 398 3691 achilon.
436 3633 467 3686 F.
484 3637 521 3688 ll.
537 3632 736 3698 Grantoll,
754 3632 944 3684 Hirlorisclre
962 3634 1082 3706 Schrif-

117 3742 179 3784 ten.
195 3729 267 3782 Lab.
288 3727 364 3782 1856.
383 3725 418 3778 Τ.
435 3724 470 3788 1,
486 3741 513 3792 p.
530 3727 576 3799 49.

153 3819 193 3890 (α)
213 3815 305 3884 Qunlis
321 3816 384 3867 brec
401 3815 523 3866 Lubeoaa
543 3812 595 3866 hoc
620 3822 737 3882 tempore
764 3813 862 3876 suerit,
887 3812 1028 3882 unicuique
1050 3817 1080 3872 in

117 3909 207 3959 oculos
220 3907 347 3968 incurrit,
366 3901 554 3972 perpendenti,
579 3905 607 3955 in
628 3902 712 3972 urbe,
731 3919 798 3971 quae
815 3918 913 3972 90,ooo
933 3901 1077 3956 incolarum

117 3997 168 4049 hoc
192 4004 308 4061 tempore
334 3992 554 4062 amplectebatur,
581 4010 624 4045 sex
652 3988 830 4046 tautummodo
853 3989 930 4042 tuisse
958 3989 1079 4057 scholae,

119 4081 317 4144 (lucrosi,
336 4083 351 4134 l·
371 4099 394 4134 c.
409 4099 436 4151 p.
453 4079 496 4134 58.
