2690 4790
551 387 732 448 -175-

129 548 329 638 movendos.
367 574 429 634 Nec
456 571 560 647 decet,
585 581 621 634 ut
648 573 800 632 cradoues
822 591 923 634 sacrae
947 573 1113 636 musistant

156 697 190 755 in
215 688 389 765 calumniis,
422 693 456 750 iu
479 690 662 752 ceremonias
691 689 829 767 collatis3
865 689 918 751 sed
942 693 1113 773 praecipuis

155 813 311 874 doctrinae
338 811 527 874 Christianae
553 809 722 890 capitibus,
754 807 859 888 quales
883 817 955 868 sunt
972 808 1110 874 doctrina

154 932 193 992 de
208 930 347 992 fraterno
364 945 483 1002 amore,
507 929 568 988 rita
591 928 725 1006 integra,
749 928 783 986 iu
799 927 890 987 rebus
907 925 1040 988 adversis
1057 947 1111 1008 pa·

152 1049 282 1122 tieutia,
306 1049 346 1110 al.
389 1048 522 1108 Christus
539 1047 622 1106 enim
639 1053 671 1105 et
689 1045 800 1106 Paulus
822 1045 1026 1108 obedientiam
1052 1063 1113 1124 ffu-

153 1166 367 1226 hemeteribus
382 1158 593 1246 praestandam
610 1182 673 1224 esse
700 1165 888 1242 docuerunt;
910 1163 1114 1225 Ecclesiastici

153 1292 260 1343 contra
287 1283 424 1355 Suecici,
456 1282 553 1343 divini
579 1283 709 1344 nominis
733 1283 862 1356 ebusus,
894 1283 995 1364 qualis
1020 1281 1113 1343 hodie

151 1401 288 1473 obtinet,
311 1400 432 1480 culpam
445 1400 479 1460 in
492 1419 596 1480 regem
614 1397 822 1474 conferentes,
834 1398 1036 1460 adhortantur
1051 1417 1109 1480 po·

151 1516 290 1597 pnlares,
312 1527 349 1577 ut
374 1517 441 1597 regi
466 1517 669 1579 reluctentur.
711 1516 806 1578 Docet
832 1517 957 1598 quidem
983 1516 1110 1578 verbum

150 1634 291 1694 divinum
308 1633 461 1708 doctores,
486 1645 521 1695 ut
543 1635 677 1716 primum
702 1635 782 1696 clam
807 1645 979 1715 peccatores
1005 1635 1110 1696 admo·

150 1760 245 1811 neam
261 1750 395 1812 advitae
412 1753 674 1831 emendationem
696 1754 748 1814 sed
766 1756 804 1816 ab
820 1775 856 1816 eo
872 1754 927 1815 hic
944 1753 1110 1814 exordiun-

149 1877 219 1941 tur,
244 1869 331 1928 utin
349 1870 536 1930 orationibus
558 1873 650 1934 sacris
677 1873 877 1952 scriptisque,
910 1871 990 1949 typis
1019 1869 1108 1928 evul-

150 1987 247 2063 gatis,
269 1984 392 2064 publice
408 1985 477 2048 illos
494 1994 711 2051 exsecrentur’
736 1986 795 2071 (1).

193 2102 324 2163 Tandem
340 2123 431 2180 vero,
454 2127 495 2166 ne
513 2109 547 2164 in
566 2115 722 2184 posterum
748 2103 852 2164 eadem
879 2104 1054 2166 obtinerent
1079 2113 1112 2167 et

145 2223 297 2302 jacturam
305 2224 422 2284 iaceret
430 2241 535 2281 rerum
544 2239 696 2282 sacrarum
710 2223 894 2299 emendatio,
906 2225 1019 2299 vetuit,
1032 2243 1110 2306 qno-

146 2343 250 2400 miuus
276 2343 315 2402 ad
341 2339 554 2402 emendandam
591 2341 751 2404 Ecclesiam
789 2342 865 2423 quid
901 2343 1106 2425 susciperent,

147 2457 200 2519 vel
216 2459 295 2538 typis
313 2459 535 2539 exprimerent,
559 2461 618 2520 uisi
636 2471 724 2521 antea
749 2461 814 2540 ipse
836 2459 913 2522 haec
940 2463 1109 2522 examinas·

144 2586 205 2638 set.
247 2575 425 2650 »Quoniam
451 2586 569 2649 autem,
593 2575 652 2656 (itu
670 2577 708 2636 ed
726 2576 923 2637 Laurentium
951 2577 1107 2659 scripsit,)

146 2704 211 2755 tum
228 2694 410 2774 insipienter
429 2695 463 2752 in
480 2713 514 2752 re
532 2694 706 2772 gravissima
724 2694 959 2774 progredimini,
984 2705 1054 2756 veto
1070 2697 1110 2758 eb

147 2811 207 2872 hoc
234 2809 306 2871 iuda
331 2810 382 2870 die
399 2810 475 2890 quid
492 2811 669 2902 emendare,
690 2812 741 2872 vel
759 2813 839 2892 typis
855 2814 1025 2892 exprimere
1039 2813 1107 2874 ubs-

183 3137 222 3205 (t)
243 3137 293 3188 Wi
308 3135 385 3188 dade
394 3134 567 3206 firmarier,
587 3140 635 3186 att
651 3131 837 3202 mcuigdeten
854 3132 941 3187 herde
957 3136 1107 3188 underwi·

146 3242 218 3288 sar,
244 3227 271 3291 ej
297 3224 426 3274 colloss·
451 3221 586 3273 blinddat
611 3223 666 3271 ced
688 3225 845 3292 uppriiras.
888 3221 1107 3289 Predr'km'ngar

146 3313 238 3366 herde
256 3311 339 3360 beatd
354 3317 381 3378 ej
392 3310 439 3359 utr'
456 3308 615 3359 amddelser
632 3310 684 3360 oclt
706 3319 794 3379 utrop
815 3317 893 3359 eruet
909 3310 1107 3370 ceremonier,

148 3409 225 3451 utun
241 3399 253 3448 ι’
271 3397 388 3447 ternae
412 3395 451 3464 af
467 3394 720 3458 christendomen‚
740 3399 753 3447 i
779 3397 869 3448 lairen
894 3414 939 3447 om
962 3397 1109 3468 orodes-lig

147 3485 269 3552 rodet,
286 3485 426 3558 gudeligt
440 3485 598 3556 lefwcrne,
619 3483 751 3536 telamon
765 3485 777 3536 ἰ
793 3484 1004 3555 bedrbsweleen
1021 3505 1059 3540 m.
1069 3507 1107 3542 m·

146 3579 271 3628 Kristus
286 3575 340 3626 och
366 3573 482 3624 Paulus
502 3573 664 3641 predikade
687 3573 800 3640 lydnad
825 3582 885 3624 mot
906 3575 1105 3642 oswerdetem

150 3667 282 3717 Swenske
296 3674 413 3734 prester
427 3663 494 3714 aiter
509 3660 774 3731 genstrcifwr'gltet,
790 3661 940 3730 gifwande
953 3663 1106 3732 konungen

146 3752 266 3804 ekulden
275 3755 333 3824 fiir
350 3752 396 3804 all
409 3752 463 3802 den
481 3748 640 3813 ewardum,
658 3766 720 3800 eom
737 3753 850 3818 gdngae
866 3754 902 3802 ἅν
916 3751 957 3817 pti
975 3751 1024 3800 det
1042 3748 1105 3798 all-

147 3857 250 3910 mogen
276 3842 323 3894 mai
352 3848 505 3909 uppretaa.
551 3838 631 3888 Guds
654 3837 707 3888 ord
730 3837 829 3904 tjuder
852 3839 924 3890 dock
950 3846 1000 3887 att
1020 3837 1106 3908 sciret

146 3928 294 3999 hemligen
311 3946 415 3982 warna
431 3927 638 3997 ochfb'rmona
652 3924 705 3978 till
721 3923 860 3992 brittring
868 3944 881 3984 ,·
900 3941 966 3976 men
979 3923 1037 3976 lacit
1052 3925 1105 3977 be-

144 4025 255 4084 gynter
269 4015 334 4068 med
349 4016 524 4086 appendere
536 4012 752 4086 so'rbunnelrer
767 4010 840 4062 bede
859 4013 871 4062 ι’
891 4013 1104 4084 predilrningcr

149 4106 204 4154 och
221 4107 342 4173 tryelrta
355 4104 488 4176 skrrjter.
523 4105 591 4170 Frij
602 4104 677 4156 xcii
694 4121 721 4169 p.
740 4116 798 4169 ¹7⁰·
