2698 4792
655 333 817 392 -zl-

344 555 499 615 Gustatus
528 555 569 614 od
590 564 737 635 parentet
765 557 860 615 rediit
877 557 994 616 ethicae
1016 559 1143 618 Soantis'

578 673 670 733 Stare
697 674 801 734 aulam
827 672 917 736 adiit.

305 873 343 932 ln
362 875 458 934 Sinni
485 875 527 936 ΒΓ.
548 893 621 936 vero
637 875 707 936 enla
723 877 885 958 quominus
902 875 941 937 ad
957 875 1017 936 riri
1032 873 1224 938 celeberrimi

265 989 382 1052 obitum
410 991 551 1072 degeret,
583 995 742 1075 impedivit
769 997 921 1058 Johannee
950 998 996 1070 11,
1019 998 1131 1059 Daniae
1156 1011 1225 1058 rex.'

265 1108 321 1171 llic
337 1111 420 1170 enim
438 1111 574 1171 Sturium
588 1113 732 1187 visitans,
761 1112 981 1175 adolescentem
1012 1115 1227 1176 animadvertit

268 1247 339 1288 enm
366 1229 518 1290 sodalibus
532 1229 705 1305 ludentem,
737 1241 769 1291 et
796 1251 835 1292 ex
861 1231 944 1292 illius
972 1233 1082 1313 agendi
1109 1234 1227 1294 ratione

265 1341 375 1424 magna
392 1365 534 1426 quaeque
556 1350 764 1429 praesagiens,
787 1345 873 1410 nt'in
889 1349 1015 1411 naniam
1033 1371 1136 1412 seeum
1153 1369 1227 1431 pro-

268 1464 474 1539 ficisceretur,
514 1466 613 1544 ipsum
651 1469 781 1545 rogavit.
834 1467 924 1528 Stare
958 1463 1047 1542 vero,
1090 1463 1229 1530 metuens
1333 1492 1334 1564 }

266 1599 308 1642 ne
322 1599 388 1642 'rex
408 1580 542 1643 obsidem
567 1579 695 1641 heberet
723 1583 907 1658 (iustarum,
931 1605 994 1646 non
1019 1597 1139 1648 tantum
1164 1603 1229 1646 rem

268 1702 436 1776 recusavit3
455 1700 674 1760 verumetiam
687 1719 758 1759 eum
776 1700 988 1780 adparentes,
1013 1704 1067 1780 qui
1087 1703 1178 1763 modo
1197 1703 1232 1764 iu

269 1817 414 1890 Almus,
440 1816 531 1878 mado
556 1818 590 1876 in
609 1817 755 1897 opulus
781 1828 814 1878 a
841 1817 1109 1879 sodomanlsndis
1135 1818 1232 1898 eeffe-
1334 1784 1335 1822 ³

270 1937 364 2012 hsnt,
405 1937 533 1998 remisit.
584 1935 628 1996 lle
655 1935 714 1998 hac
740 1948 842 1998 autern
876 1937 1000 1998 Gestari
1035 1936 1117 1995 ritae
1143 1946 1233 2015 parte

272 2059 436 2144 quominus
462 2057 553 2137 plura
589 2054 738 2131 dicamus,
779 2055 905 2136 impedit
937 2054 1152 2114 historicorum
1189 2055 1231 2113 si·
1335 2119 1336 2140 1

268 2181 412 2242 lentium.
464 2178 613 2251 Quocirca
645 2178 725 2238 hane
749 2173 1033 2254 praetermisissem,
1066 2170 1105 2231 ad
1139 2189 1231 2250 argu·

271 2305 409 2358 mentum
444 2291 661 2354 illustrandum
693 2309 755 2350 non
789 2290 968 2362 facientem,
1015 2287 1074 2348 nisi
1109 2308 1147 2348 ex
1175 2305 1229 2360 eo,

273 2415 357 2498 qnod
379 2407 550 2486 desieras,
565 2403 567 2410 ’
581 2427 637 2490 per
663 2408 781 2487 aliquot
810 2407 916 2468 saltem
934 2425 1044 2479 annos,
1076 2425 1159 2466 nunc
1178 2406 1232 2465 de-

272 2521 335 2598 nuo
359 2541 521 2617 parentum
545 2528 739 2590 institutione
765 2543 838 2584 usus
863 2521 984 2598 luerit,
1017 2525 1234 2592 confirmaren.

275 2661 345 2724 tar,
379 2671 476 2731 quae,
509 2650 599 2708 initio
616 2647 708 2725 hujus
735 2639 843 2723 cepitis
870 2642 909 2703 de
935 2650 1096 2722 parentum
1123 2642 1157 2702 in
1179 2642 1235 2721 ju-

272 2787 382 2831 venem
398 2766 601 2827 erudiendum
620 2765 653 2822 vi
672 2764 812 2822 diximus.

224 2931 228 2942 .
317 2887 481 2966 Postquam
516 2901 589 2941 vero
624 2879 705 2940 diem
736 2879 854 2942 obierat
883 2878 957 2939 Sten
991 2879 1082 2938 Stnre
1105 2875 1231 2958 (1503),

275 3007 367 3085 eique
404 3022 422 3062 e
457 3003 584 3061 Senatus
620 2997 743 3057 decreto
780 3007 964 3057 successerat
1001 2997 1112 3058 Svante
1146 2998 1236 3057 Sture

278 3119 406 3204 (1504),
440 3119 474 3178 in
499 3115 711 3197 gubernatoris
738 3113 839 3174 arulam
860 3113 954 3174 rediit
971 3111 1139 3176 liustavus.v
1172 3115 1236 3174 lluc

277 3241 358 3303 enim
372 3237 510 3318 undique
527 3233 740 3296 confluxerunt
751 3229 1084 3312 juvenes'nobilissimi,
1107 3233 1236 3292 maxime

279 3361 437 3424 Svantium
460 3355 623 3427 iacientes,
648 3353 761 3432 quippe
780 3352 836 3432 qui
852 3351 901 3410 vir
926 3362 992 3412 erat
1019 3351 1111 3412 variis
1135 3353 1234 3412 virtu·

278 3481 361 3540 tibus
387 3477 497 3539 clarus.
538 3469 760 3534 Fortitudinem
786 3479 821 3528 ut
846 3470 911 3548 ipse
939 3469 1029 3529 variis
1057 3469 1237 3561 opportuni·

281 3596 395 3658 tatibus
423 3589 603 3662 declaravit,
635 3589 679 3648 ila
705 3586 782 3649 tanti
810 3585 890 3646 hanc
921 3586 1013 3660 feeit,
1044 3594 1081 3644 ut
1115 3585 1234 3660 ealles,

270 3735 556 3758 ...uuna—uu·-

281 3827 336 3878 ocls
354 3826 532 3895 Christelige
547 3824 663 3892 Regent
676 3819 734 3876 Ην.
754 3823 824 3872 Sten
848 3837 911 3872 soar
920 3821 987 3890 saei
1003 3819 1175 3891 dieriigon,
1195 3828 1236 3876 lin

280 3926 314 3968 ar
342 3917 404 3964 dan
427 3914 523 3964 skulle
549 3911 614 3964 med
632 3910 742 3963 acidane
768 3911 938 3981 lettferdige
959 3907 1114 3976 practiler
1139 3915 1237 3983 umgd.

279 4005 468 4064 Helisaeo,
498 4000 556 4050 The
582 4005 696 4052 emenus
714 3998 841 4066 Brdder,
859 4005 911 4052 etc·
933 3994 1235 4065 Strinnholmsl.

269 4113 295 4154 e.
315 4093 348 4149 Τ.
366 4089 400 4160 1,
416 4102 472 4162 pag.
492 4089 536 4144 151
552 4089 580 4142 in
596 4093 648 4142 aot.
