2690 4790
527 337 706 402 -idb-

134 535 220 595 eoba
242 529 485 611 propugnatores
508 527 599 589 modo
624 527 800 601 admonuit,
820 533 856 588 ut
872 527 1091 602 emendmsnt,

135 671 217 734 quae
233 650 266 711 in
284 651 447 712 Ecclesiam
464 649 650 726 irrepserant
669 645 762 718 vitia,
783 653 815 705 et
833 653 869 705 ut
885 647 1085 727 susciperent,

135 787 215 850 quae
232 769 270 830 ab
287 767 361 849 ipsis
377 763 560 847 perficienda
578 771 684 834 eraut,
708 763 733 822 si
750 762 799 822 rel
817 763 878 824 rite
894 777 1020 826 munere
1037 785 1092 827 sno

133 887 223 966 fungi
248 887 385 962 vellent3
423 883 512 944 modo
535 901 587 942 eos
617 879 834 961 reprebendit3
865 897 976 960 poenas
1002 883 1091 944 modo

132 1005 271 1064 minatus
296 1012 358 1076 est,
390 1001 476 1063 modo
502 1002 550 1063 his
575 999 646 1062 illos
668 999 778 1061 affecit.
819 1001 964 1062 Doctores
990 1009 1092 1061 autem

135 1121 327 1200 angelicos
350 1122 383 1180 in
409 1121 501 1181 rebus
527 1119 619 1180 sacris
645 1123 838 1184 emendandis
861 1123 947 1202 justo
964 1119 1092 1182 subinde

135 1237 375 1298 vehementiores
399 1237 527 1299 meliora
548 1237 662 1300 docuit.
704 1241 931 1302 Adhortabstur
947 1239 1035 1312 illos,
1057 1247 1093 1299 ιιι

134 1353 272 1415 subditos
288 1356 420 1434 primunr
434 1355 647 1430 instituerent,
661 1367 726 1418 tum
744 1357 867 1419 demum
875 1357 1025 1420 Ecclesiae
1043 1359 1091 1418 ri-

135 1473 181 1533 tia
197 1472 401 1534 emendarent.
443 1473 539 1533 Jussit
556 1475 626 1536 illos
651 1476 756 1550 modo,
780 1487 816 1537 nt
841 1477 1008 1557 prudenter
1024 1495 1090 1537 rem

110 1609 220 1652 ⁴suern
237 1603 380 1670 agerent3
401 1591 491 1652 modo
507 1591 673 1654 relonnare
687 1595 801 1666 vetuit,
819 1595 965 1656 imovero
982 1593 1092 1657 Reior-

137 1709 273 1770 nratione
289 1709 484 1771 abutentibus
506 1709 630 1770 sortiter
647 1712 768 1772 restitit.
811 1709 973 1792 Populares
991 1723 1027 1772 ιιι
1043 1714 1093 1771 in-

136 1827 355 1900 stituerentur,
379 1828 514 1901 curavit,
540 1828 614 1908 quin
634 1829 695 1890 imo
712 1831 778 1908 ipse
803 1827 1037 1888 Reformatiouis
1062 1837 1095 1888 et

136 1944 346 2004 nenessitatem
373 1953 404 2005 et
430 1943 566 2006 indolem
592 1957 625 2005 et
648 1939 816 2003 utilitatem
838 1945 910 2023 ipsis
936 1945 1093 2024 explicuit.

137 2062 354 2142 Relinquentes
372 2063 461 2124 modo
479 2061 616 2131 monuit,
649 2059 739 2120 modo
765 2060 976 2140 reprehendit,
1006 2061 1095 2123 modo

136 2180 170 2238 vi
187 2182 338 2261 armisque
355 2180 429 2258 ipsis
456 2193 489 2236 se
515 2177 670 2256 opposuit,
694 2178 784 2238 modo
802 2199 873 2240 vero
890 2181 981 2242 etiam
999 2200 1018 2242 a
1034 2159 1093 2262 pit·

134 2302 250 2362 rtiendo
279 2298 438 2360 abstinuit.
489 2295 589 2356 Verbo
618 2303 653 2354 ut
679 2296 896 2377 delungamur,
930 2309 992 2361 tam
1017 2319 1093 2380 pru-

135 2417 247 2478 denter
265 2435 314 2476 res
330 2431 428 2476 sacras
445 2413 605 2474 emendare
628 2411 762 2486 studuit,
786 2425 822 2474 ut
839 2435 901 2475 non
918 2415 1008 2476 facile
1027 2417 1096 2496 quis

134 2534 235 2606 dicat,
247 2542 352 2594 utrum
367 2530 406 2591 ob
419 2531 613 2610 prudentiam
629 2533 741 2610 magis,
753 2551 792 2592 an
809 2550 882 2593 vero
899 2531 939 2592 ob
953 2541 1094 2594 constan·

136 2652 227 2725 tiam,
250 2650 448 2712 admiratione
464 2658 569 2710 nostra
584 2647 695 2728 dignus
712 2649 762 2709 sit.

539 2915 700 2931 mnu*

180 3119 376 3202 Exposuimus
393 3119 518 3180 Gestari
535 3115 568 3176 in
596 3117 787 3181 resonnanda
812 3119 945 3184 Ecclesia
972 3123 1097 3186 Suecica

139 3238 252 3318 agendi
268 3239 426 3298 rationem.
468 3237 530 3296 Nec
556 3244 618 3306 est,
641 3235 725 3313 quod
747 3237 806 3294 alia
834 3237 918 3297 hisce
944 3237 1096 3301 addamus.

141 3357 233 3419 Brevi
258 3357 339 3414 enim
364 3355 443 3414 mem
470 3353 547 3414 obiit
572 3369 745 3431 supremum
768 3352 926 3414 Gustavus.
968 3355 1008 3414 At
1026 3375 1099 3418 vero

141 3474 238 3556 ipsius
255 3471 337 3534 ritae
355 3471 457 3532 ultimi
483 3469 556 3531 anni
582 3478 613 3529 ct
632 3466 738 3544 bellis,
762 3487 833 3530 cum
859 3471 960 3533 Russis
986 3475 1096 3553 gestis,

143 3602 176 3654 et
193 3592 443 3663 dissensionibus,
467 3591 566 3668 ipsum
583 3589 665 3647 inter
682 3597 714 3648 et
731 3587 843 3648 Daniae
856 3609 974 3670 regem,
999 3599 1031 3651 et
1048 3609 1100 3652 ca·

141 3709 330 3772 hmitatibus
339 3707 522 3776 domesticis,
544 3706 588 3767 ita
603 3715 692 3766 erant
708 3707 835 3787 repleti,
849 3719 884 3768 ιιι
901 3711 1016 3780 virum,
1035 3709 1099 3770 fors

144 3827 170 3890 ti
190 3830 298 3898 ¹animo
315 3828 497 3907 plerumque
513 3823 588 3884 haec
607 3823 708 3885 omnia
724 3825 891 3899 ferentem,
914 3822 1042 3888 subinde
1058 3831 1102 3892 ita

142 3943 364 4028 depresserint,
385 3939 440 4024 qui
466 3941 553 4004 avido
576 3951 703 4004 mortem
730 3951 926 4020 exspectaret.
968 3945 1103 4007 »silico

145 4064 320 4126 boconiae
346 4060 527 4140 rogamus,''
557 4059 600 4119 ita
627 4055 664 4118 od
692 4059 813 4120 Ericum
839 4059 934 4122 filium
963 4061 1100 4140 scripsit,
