2690 4790
645 344 826 408 ...100-

262 531 1042 616 qnodcontradicaru,eatameu‘studiacepitens,
1063 536 1224 615 quamin-

262 649 354 710 ducta
379 669 484 712 rerum
519 669 671 717 secranua
705 645 940 728 instauratione,
980 654 1098 733 patrias
1132 655 1225 716 nluti

261 767 421 830 musulere
436 769 495 830 sihi
513 769 646 830 habuere
663 769 860 852 propositum.

304 886 418 948 Verum
446 887 503 948 etsi
528 887 642 958 multa,
674 897 712 950 ut
737 888 884 966 uidimus,
913 907 932 952 a
959 890 1094 952 Gustare
1124 901 1224 952 mscnt

261 1003 435 1078 amudata,
456 1005 588 1086 plurima
605 1013 708 1066 tumen
725 1007 901 1067 etiamnunc
918 1006 1105 1068 mundanda
1123 1018 1221 1069 erant.

262 1123 427 1186 Heluorum
440 1123 522 1184 enim
537 1121 653 1184 numos
670 1124 709 1184 ati
735 1123 938 1204 recipiendum
963 1125 1119 1204 puriorem
1147 1125 1223 1187 doc·

264 1247 376 1308 trinam
393 1247 602 1328 propensiores
617 1245 711 1308 inisse
727 1241 880 1316 redditos,
901 1243 1009 1322 negari
1033 1261 1092 1302 non
1107 1251 1222 1322 potest.

262 1361 332 1443 lpse
344 1365 434 1444 regni
451 1365 579 1428 Senatus
602 1361 741 1444 exemplo
765 1359 853 1422 nobis
877 1361 934 1433 sit,
967 1361 1039 1440 qui,
1062 1369 1222 1442 postquam

259 1497 313 1540 rex
331 1481 365 1539 in
392 1483 523 1542 comitiis
550 1479 760 1544 Arosienaibus
783 1476 893 1558 (litt)
918 1497 1020 1538 veram
1047 1477 1222 1538 doctrinm

260 1595 461 1658 Christianam
478 1609 675 1678 exposuerat,
695 1595 899 1676 jurejurando
916 1595 1117 1675 interposito,
1149 1615 1228 1676 pro«

258 1715 359 1774 misit:
381 1731 413 1776 re
429 1714 572 1794 nuptum
586 1716 785 1795 Euangelicac
801 1733 920 1794 semper
937 1731 1001 1774 esse
1019 1713 1222 1774 adhaesurum

260 1851 389 1912 eamque
409 1831 605 1896 defensurum
622 1831 680 1912 (1).
724 1829 832 1907 Quid?
862 1830 945 1910 quod
971 1850 989 1890 e
1016 1830 1145 1891 Senatus
1166 1831 1220 1891 ‹le-

262 1957 365 2024 oreto,
376 1947 435 2012 hac
453 1950 683 2030 opportunitate
699 1947 970 2028 proscribebantur
986 1951 1155 2011 nonnullae
1171 1971 1221 2010 su·

264 2067 453 2148 perstitionis
481 2065 649 2147 reliquiae,
680 2085 759 2146 quae
784 2064 836 2126 hic
861 2065 928 2126 illic
955 2077 1135 2146 supererant
1163 2067 1220 2147 (2).

263 2185 335 2255 Sed,
357 2193 393 2244 ut
401 2183 482 2255 dixi,
495 2183 592 2244 multa
610 2194 711 2244 tomen
727 2184 903 2244 etiamnunc
920 2184 1106 2245 emendanda
1122 2195 1221 2246 erant.

261 2297 381 2361 remim
400 2298 589 2358 araneorum
612 2319 710 2378 seque
726 2319 762 2360 ae
788 2301 946 2362 summm
971 2302 1141 2375 mertuos,
1164 2303 1223 2362 ser
1334 2287 1335 2310 ³

261 2417 395 2478 multum
412 2416 594 2492 mndata,
626 2433 819 2498 neqtlaquam
838 2419 908 2480 talis
927 2429 1010 2494 erat,
1042 2421 1143 2500 qualis
1161 2439 1224 2481 esse

261 2535 430 2611 doluisset,
453 2537 547 2598 rivel
565 2555 699 2618 uuquam
717 2536 829 2598 Christi
846 2536 986 2598 doctrina
1003 2539 1087 2598 omni
1103 2558 1158 2598 sun
1176 2539 1223 2597 ni-

262 2663 349 2734 pact
366 2655 408 2716 vi.
450 2655 611 2736 Qumnque
628 2657 712 2716 etin
728 2654 889 2716 Acndua
911 2655 980 2736 lips.
1010 2664 1042 2715 et
1059 2656 1094 2714 in
1120 2667 1223 2716 caete·
1333 2713 1334 2716 ,

262 2772 306 2834 ris
332 2773 495 2854 gymnasiis
521 2771 694 2853 scholisque
719 2771 963 2834 desidmarentur
987 2773 1091 2834 idonei
1116 2773 1224 2835 docto-

263 2907 329 2962 res,
372 2891 557 2954 Clericorum
592 2893 700 2967 multi,
744 2892 871 2956 meliora
905 2911 967 2952 non
993 2891 1219 2971 intelligentes,

264 3005 409 3084 antiquae
444 3008 601 3085 religionis
633 3009 750 3070 formae
787 3009 1006 3084 adhaeserunt,
1038 3009 1111 3070 dum
1139 3009 1223 3069 laici

263 3121 461 3202 antiquorum
477 3121 594 3182 rituum
621 3125 805 3187 tenacissimi
832 3135 929 3188 erant.
971 3127 1057 3190 Unde
1080 3130 1114 3189 in
1140 3126 1222 3207 Bap-

264 3241 346 3302 tismi
373 3239 633 3304 administratione
662 3241 851 3308 Exercismus
887 3243 954 3327 (3),
993 3245 1065 3308 salis
1100 3245 1223 3325 oleique
1332 3273 1333 3286 ÷

265 3389 512 3412 Ἦ

299 3481 339 3548 (ι)
358 3477 519 3546 Gordus,
538 3483 557 3534 l.
575 3498 599 3535 c.
615 3501 642 3552 p.
660 3483 721 3556 ³²9·

298 3570 339 3640 (2)
358 3587 385 3622 v.
404 3567 530 3634 Dalin,
548 3572 566 3622 l.
584 3574 686 3642 opi.

297 3655 337 3728 (ὅ)
355 3653 389 3710 In
406 3655 491 3710 Olai
509 3659 611 3711 Petri
633 3656 827 3721 Euchirt’dr‘o,
848 3661 900 3713 A0.
910 3661 975 3734 1529
984 3661 1071 3726 edito,
1091 3659 1157 3715 haec
1170 3661 1223 3714 ha·

263 3739 340 3795 betur
362 3743 507 3797 Exercisrni
523 3747 653 3798 formula:
671 3749 732 3816 Jag
748 3746 863 3797 beewt'ir
878 3747 947 3816 dig,
966 3750 1003 3800 du
1022 3765 1110 3800 orere
1125 3751 1221 3814 unde,

262 3830 323 3880 wid
344 3833 422 3884 Grada
443 3834 557 3884 Pudere
579 3837 600 3900 †
626 3831 680 3883 och
704 3834 777 3884 Sena
801 3837 821 3903 †
848 3833 984 3886 colidens
1000 3835 1098 3906 Helge
1115 3837 1221 3890 Andos

263 3933 366 3981 staron,
396 3929 430 3971 nt
453 3921 490 3972 du
513 3921 599 3992 utsar
623 3921 662 3992 uf
677 3921 776 3974 denno
802 3921 881 3972 Guds
903 3924 1017 3990 tjenare
1046 3923 1219 3993 (tjeneriuua)

261 4021 322 4056 eom
340 4005 395 4056 den
411 4007 511 4076 Helge
532 4009 635 4060 Andos
658 4011 767 4079 tempsi
789 4025 873 4061 wara
897 4007 982 4072 skal,
1010 4012 1064 4062 cels
1087 4011 1145 4064 kain
1166 4013 1218 4064 din

263 4090 327 4145 dom
349 4089 387 4142 du
401 4092 472 4160 fuls
499 4093 636 4164 djefsvul,
656 4093 705 4146 lue
730 4095 783 4149 den
810 4098 895 4148 :trra
916 4093 968 4144 oclt
986 4095 1134 4166 leswande
1154 4098 1220 4154 Gud
