2690 4790
651 354 832 415 ..un-

262 547 344 620 iore,
367 555 403 606 nt
422 547 456 604 in
473 543 601 625 singulis
618 541 810 604 Ilioecesibus
826 537 907 602 idem
924 539 1099 614 obtineret,
1112 545 1227 622 promi-

263 672 390 738 serunt,
412 681 519 724 verum
545 662 637 724 etiam
664 679 730 722 sese
754 679 818 720 esse
844 667 1002 720 curaturos
1020 671 1224 736 monuerunt,

264 789 302 840 ut
319 782 354 842 in
370 781 494 844 aedibru
519 781 610 842 sacris
632 779 806 858 sobolisque
832 775 1057 840 cathedralibus
1083 779 1230 842 lectiones

263 897 451 960 haberentur
466 898 505 960 de
523 898 554 959 S.
573 897 748 977 Scriptura,
772 893 884 974 quibus
902 913 963 956 non
983 903 1102 956 tantum
1129 894 1231 954 inter-

215 1043 220 1056 ·
266 1025 366 1078 essem
383 1017 448 1089 illi,
471 1016 527 1096 qui
543 1013 651 1076 studiis
668 1012 781 1074 ibidem
798 1011 1028 1085 incumberent,
1046 1010 1100 1072 sed
1113 1021 1145 1072 et
1160 1032 1233 1093 pas-

268 1144 351 1197 tores
371 1134 526 1214 juniores,
549 1131 616 1192 ruri
632 1129 788 1209 degentes.
830 1127 1021 1190 Addiderunt
1037 1149 1149 1209 porro,
1169 1151 1234 1192 seso

268 1261 503 1333 procuraturos,
535 1261 572 1312 ut
595 1249 743 1310 dbcentes
768 1248 802 1308 in
819 1246 930 1308 sobolis
947 1247 1092 1310 haberent
1110 1258 1235 1308 rectum
1329 1225 1330 1234 ἵ

269 1379 391 1431 textum
399 1369 584 1440 bibliorum,
601 1365 780 1446 praesertim
796 1363 833 1424 li.
843 1364 877 1424 T.
893 1364 1040 1437 latinum,
1057 1373 1236 1446 etutprae·
1330 1419 1331 1430 2

267 1485 435 1548 ficerontur
451 1485 591 1548 Ecclesiis
607 1485 767 1544 civitatum
783 1479 867 1542 docti
883 1483 955 1556 riri,
973 1483 1011 1545 ad
1017 1503 1152 1564 qnorum
1160 1505 1236 1548 con-

268 1601 371 1664 mones
387 1621 475 1680 saepe
492 1606 751 1679 congregarentur
767 1598 919 1678 simplices
928 1601 1080 1675 Pastores,
1094 1603 1161 1662 ruri
1178 1603 1237 1664 de·
1331 1603 1332 1620 ¹

270 1725 393 1800 gentos,
416 1725 452 1776 nt
478 1715 550 1776 inde
576 1716 761 1794 proficerent
786 1715 821 1776 in
839 1735 929 1778 sensu
946 1717 1033 1778 verbi
1049 1718 1117 1780 Ilei.
1159 1720 1237 1780 Tnm

271 1857 346 1900 vero
362 1837 454 1898 etiam
470 1835 649 1905 voluerunt,
673 1842 709 1892 ut
727 1833 831 1894 Pastor
857 1835 991 1896 civitatis
1019 1836 1058 1896 ad
1074 1836 1130 1898 bos
1146 1857 1237 1898 rura·

272 1957 318 2018 les
335 1953 519 2036 quaudoque
535 1950 692 2014 accederet
708 1959 741 2010 et
753 1951 787 2010 in
801 1953 1001 2014 conventibus
1017 1953 1144 2016 illorum
1159 1955 1237 2016 Ver-

273 2073 348 2134 bum
375 2073 430 2134 liei
455 2081 540 2134 recto
564 2077 748 2154 proponeret
776 2067 834 2151 (1).
886 2069 1047 2133 Praeterea
1074 2091 1146 2134 vero
1170 2075 1263 2162 ipse.

275 2192 441 2261 Gustavus,
466 2191 500 2248 in
517 2191 615 2250 varias
632 2189 756 2250 Sueciac
771 2197 888 2268 partes,
911 2189 991 2250 viros
1008 2188 1146 2263 demisit,
1159 2192 1189 2250 S.
1205 2192 1239 2252 S.

273 2306 535 2386 interpretationis
561 2305 644 2364 baud
669 2307 808 2383 ignaros,
840 2316 873 2366 et
898 2307 1059 2388 Episcopos
1071 2308 1180 2387 jussit,
1201 2319 1242 2370 ut
1335 2325 1336 2332 ¹

274 2425 333 2486 bos
361 2427 396 2486 in
412 2423 536 2486 aedibus
561 2423 653 2484 sacris
676 2421 901 2486 cathedralibus
927 2425 1100 2506 scholisque
1128 2427 1241 2488 admit·

276 2553 379 2606 terent
398 2542 458 2624 (2).
500 2543 566 2604 lmo
592 2561 665 2604 vero
685 2543 814 2622 juvenes
839 2544 1003 2606 nonnullos
1028 2547 1060 2604 in
1078 2545 1244 2606 Germania

275 2659 479 2721 instituendos
499 2661 635 2731 curavit,
666 2661 823 2741 virosque,
846 2663 875 2722 S.
896 2661 966 2724 cod.
989 2663 1161 2743 cognitione
1177 2666 1244 2726 rito

276 2779 430 2851 imbutos,
454 2778 532 2838 datis
560 2775 723 2838 haedere
741 2779 779 2838 ad
796 2779 964 2840 Lutborum
981 2791 1013 2840 ot
1031 2781 1243 2844 idolancbtbo-

278 2916 351 2957 nem
369 2896 527 2976 Epistolis,
551 2915 568 2956 e
587 2895 745 2958 Germania
762 2897 927 2958 arcessivit.
970 2899 1036 2972 Qua
1058 2903 1242 2979 opportuni-

281 3021 361 3084 tate,
385 3021 421 3070 ut
438 3013 513 3072 alios
532 3022 684 3072 taceamus
703 3011 769 3092 (3),
793 3013 827 3072 in
845 3015 983 3076 Succiam
1000 3015 1133 3096 proiecti
1148 3029 1238 3094 sunt,

279 3127 478 3190 nomaso·
504 3139 537 3190 et
561 3128 696 3190 lliciocl
720 3130 866 3212 Agricola
885 3129 994 3215 (1539)
1017 3132 1083 3214 (4),
1107 3135 1242 3215 Mopsus

318 3377 359 3449 (t)
378 3373 506 3428 Baanii
524 3371 629 3436 verbis,
645 3373 716 3441 apud
737 3371 946 3426 Gardesium
965 3372 983 3424 l.
1005 3389 1029 3424 c.
1056 3374 1240 3441 reperiundis,

283 3467 420 3518 maximam
437 3471 539 3532 partem
555 3479 616 3513 usus
629 3477 697 3512 snm.

320 3555 359 3623 (2)
378 3551 492 3604 Olaus
516 3549 670 3602 Celsius
691 3547 725 3600 T.
745 3547 794 3612 11,
814 3550 883 3616 p.6.

318 3641 358 3712 (5)
375 3659 400 3694 v.
418 3640 543 3702 Datin,
562 3643 581 3692 l.
595 3657 618 3692 c.
637 3638 776 3699 r.1.c.4,
791 3635 1120 3709 §6,not.(dt.c.8,§5.
1138 3638 1242 3692 Brct·

283 3729 491 3792 schneider,
508 3730 528 3779 l.
543 3743 566 3778 c.
582 3727 617 3780 Τ.
635 3726 684 3789 ll,
702 3746 729 3794 p.
747 3724 806 3778 845.

318 3819 358 3886 (4)
377 3821 585 3879 Normonnus,
605 3815 678 3868 Erici
694 3812 765 3866 XIV
782 3813 960 3884 paedagogus,
984 3818 1011 3868 in
1034 3819 1157 3872 Suociam
1176 3833 1243 3886 pro.

283 3905 387 3968 iectus,
415 3905 554 3973 deinceps,
580 3911 609 3956 ut
630 3902 758 3967 vidimus,
784 3920 870 3956 rerum
894 3903 1131 3958 Ecclesiasticarum
1155 3925 1243 3960 curam

287 3993 409 4060 suscepit.
450 3993 558 4056 Venit,
577 3999 607 4044 ut
626 3990 659 4042 ed
678 3987 870 4046 Gustarum
890 3995 982 4046 scribit
1003 3993 1204 4061 Lutberus,
1223 4011 1242 4045 a

284 4099 328 4136 me
344 4080 438 4134 etiam
457 4088 600 4150 rogatus,
617 4079 778 4146 Majestcti
794 4091 866 4140 tuce
878 4081 1053 4138 serviturus.
1086 4085 1183 4148 Homo
1198 4091 1243 4138 eat
