2698 4792
553 400 714 460 ..29-

134 584 262 664 patriae
286 601 434 656 umoruu,
468 591 501 642 ut
528 585 688 646 maximam
715 601 735 642 e
751 582 1001 662 patriae,qus1u
1020 599 1095 642 con·

133 703 303 780 scripserat
325 701 395 772 ille,
427 700 572 774 historia,
615 701 803 782 voluptatem
834 700 990 779 percipere
1016 699 1096 762 sols.

139 829 192 882 1¹01
210 818 286 904 (1).)
390 873 393 880 .

259 1055 412 1115 Gustum
434 1053 589 1136 llpsols'om
605 1057 758 1136 profectus
782 1056 927 1136 deinum
942 1066 997 1113 cst.

183 1289 283 1364 Quum
310 1307 383 1350 vero
409 1309 511 1350 rerum
539 1290 734 1370 politicarum
761 1288 914 1362 conditio,
943 1287 1013 1350 lites
1030 1307 1099 1348 cum

135 1405 233 1470 nmis
259 1407 433 1487 gerendam
463 1426 604 1486 quaeque
632 1426 703 1466 cum
728 1406 777 1465 his
803 1405 983 1485 conjunctae
1010 1417 1100 1468 eram

137 1524 342 1590 dissendones
368 1524 565 1596 domesticae,
591 1524 725 1586 Sturium
742 1523 916 1585 detinerent
932 1545 951 1586 a
966 1525 1028 1586 rite
1041 1545 1097 1586 cu·

136 1640 240 1702 raude
266 1641 389 1702 (lanuvi
414 1641 620 1716 institutione,
652 1643 801 1721 optimum
827 1643 886 1722 ipsi
911 1644 1009 1703 visum
1032 1653 1097 1714 est,

139 1757 378 1820 adclamantem
404 1756 553 1837 Upssliam
589 1757 759 1834 dimittere,
791 1767 828 1820 ut
852 1759 897 1820 ihi
925 1779 982 1840 pro
1018 1772 1097 1822 tem-

138 1877 224 1956 poris
237 1877 369 1938 *ratione
396 1877 619 1937 institueretur.
670 1877 808 1958 Upsuliae
842 1878 942 1948 enim,
975 1887 1097 1956 praeter

140 1993 260 2056 scholas
286 1994 439 2068 triuiales,
472 2013 546 2074 quas
571 1993 674 2056 dicere
702 1995 856 2067 solebant,
890 2013 909 2054 a
933 1995 1029 2054 Sturii
1056 1995 1098 2056 sr.

139 2112 214 2172 inde
227 2122 392 2193 :tempore,
425 2112 587 2174 Academia
612 2111 736 2172 condita
761 2121 838 2172 erat.
880 2112 998 2172 Iociroo
1022 2113 1098 2174 Gus-

140 2240 245 2304 tum,
274 2241 436 2310 postquam
464 2229 567 2289 forsan
592 2229 626 2288 in
652 2227 763 2289 scholis
789 2229 960 2291 trivialibus
984 2230 1022 2290 iis
1038 2231 1098 2290 im-

139 2345 223 2408 butis
249 2346 350 2408 luerat
374 2347 518 2420 unibus,
551 2365 630 2428 quae
657 2347 806 2408 tironibus
833 2349 913 2410 tradi
940 2349 1097 2420 solebant,

138 2459 334 2526 institutione
351 2485 421 2526 usus
448 2476 494 2527 est
517 2464 696 2527 academica.
733 2466 857 2526 Scilicet
884 2485 902 2526 a
928 2484 1005 2525 saec.
1026 2465 1099 2526 iude

138 2580 234 2654 XIII,
264 2583 298 2642 in
325 2582 449 2654 Suesia,
481 2584 630 2642 incitante
656 2583 788 2640 Honorio
814 2581 863 2640 111
883 2579 950 2660 (2),
974 2581 1098 2642 scholae

137 2698 178 2759 ad
196 2697 344 2758 Ecclesias
354 2696 556 2756 -Gnthedrales
574 2697 712 2757 conditae
729 2697 822 2758 fuisse
836 2698 996 2774 videntur,
1019 2701 1097 2780 quin

137 2813 278 2894 Upsuliao
304 2814 410 2874 saltem
436 2813 608 2893 hujusmodi
634 2816 810 2876 institutum
835 2817 989 2891 floruerit,
1012 2821 1097 2880 omni

136 2933 233 2996 dnbio
249 2935 346 3014 majus
365 2945 420 2995 est.
463 2935 562 3009 Quum
580 2953 652 2995 vero
669 2935 703 2992 in
720 2933 792 3007 hac,
816 2937 902 2994 utin
921 2935 988 2995 eliis
1006 2936 1094 2997 eoho-

136 3053 176 3114 lis
193 3051 433 3126 cathedralibus,
459 3051 652 3131 Theologiem
678 3055 769 3115 unice
785 3053 931 3118 docerent
949 3077 1095 3138 praecep-

137 3180 235 3244 tores,
259 3170 389 3249 ideoqne
403 3170 532 3248 juvenes
551 3171 672 3232 Sueoioi
684 3174 804 3247 uarias,
828 3195 908 3254 quse
925 3173 959 3233 iu
976 3175 1097 3254 Europe

68 3349 71 3356 ,
137 3287 198 3348 hoo
217 3297 353 3368 tempore
379 3287 511 3348 floruere
528 3286 718 3362 Academias,
742 3289 936 3368 bergensem,
958 3291 1096 3369 Lipsien-

137 3425 217 3481 sem,
250 3408 474 3480 coloniensem,
498 3409 719 3486 praecaeteris
742 3426 815 3466 vero
832 3405 1028 3467 Parisienscm
1046 3405 1096 3489 (3)

173 3633 734 3711 (1)0lsusCelsius‚l.c,p029.

173 3729 214 3797 (o)
232 3725 344 3778 lionorii
359 3723 448 3789 bulla,
465 3726 518 3779 ΑΟ.
534 3743 619 3799 1219,
640 3728 680 3778 ad
693 3727 876 3780 venerabiles
883 3727 1001 3796 fratrea
1011 3763 1020 3791 ,
1032 3730 1095 3781 Ar.

139 3818 189 3870 eti
197 3819 389 3886 -epiacopum
404 3822 433 3864 et
447 3815 611 3886 Episcopoa
627 3825 657 3866 et
672 3813 799 3867 dilectos
808 3813 896 3880 filios
911 3819 1093 3871 celerosEc.

139 3906 298 3959 cleriorum
315 3901 480 3957 Praelaloa
497 3909 528 3952 et
548 3903 690 3974 capitula
706 3921 760 3974 per
787 3901 924 3953 casotum
943 3907 1091 3958 constitu-

139 3999 205 4051 tor,
225 3990 304 4053 dats,
323 3991 419 4056 partim
444 3997 483 4042 est
507 3991 575 4059 opud
601 3989 851 4060 Lagerbring,
871 3990 888 4041 1.
908 3991 1048 4058 c.'1·.11,
1068 4013 1091 4043 r.

139 4097 191 4140 uo.
212 4081 353 4148 §8,not.
372 4077 447 4132 1·3.

174 4168 214 4239 (3)
232 4167 266 4220 lu
289 4168 339 4220 liae
362 4169 430 4220 enim
455 4167 520 4220 orbe
535 4161 672 4222 Andreas
691 4167 775 4232 And,
793 4166 984 4222 canonicorum
1004 4167 1093 4236 Πρευ-
