2668 4784
515 319 676 384 „71-

111 509 158 606 los
174 509 307 588 conjecit
322 525 562 589 eosqueerepnc
578 506 722 590 &inceps
737 507 930 588 proscripsit,
953 509 1062 589 capitis

109 645 208 706 poena
225 625 354 698 indicta,
379 626 405 685 si
423 626 472 686 vel
490 645 624 706 uuquam
641 627 674 685 in
692 626 829 688 Sueciam
846 625 991 688 redirent.

152 743 236 818 Quod
253 763 325 806 vero
344 755 433 806 antea
451 743 598 837 diximus,
621 763 713 824 grave
729 744 789 805 hoe
803 753 939 824 tempore
951 742 1057 806 linior·

106 862 233 924 matiani
250 863 505 944 appropinquasse
521 863 707 944 periculum,
726 863 830 944 paucis
846 861 1060 924 illustrandum

104 979 243 1052 videtur,
270 991 304 1042 ut
321 992 477 1061 appareat,
493 993 651 1065 quantum
677 983 732 1044 illa
758 983 890 1044 Gustare
906 981 1060 1043 debuerit.

103 1095 412 1158 Animadvertendum
429 1101 527 1180 igitur
545 1111 607 1174 est,
631 1120 734 1162 rerum
762 1119 909 1160 novarum
931 1117 995 1158 non
1011 1117 1060 1158 so·

103 1209 170 1270 lum
183 1212 336 1288 inimicos,
361 1225 438 1277 teste
461 1217 602 1292 historia,
628 1239 666 1279 er
686 1216 863 1296 hujusmodi
880 1214 1062 1276 tumultibus

102 1347 205 1390 ausam
224 1332 408 1410 quaesivisse
425 1332 463 1392 ad
481 1335 761 1411 reprehendendam
778 1335 944 1395 doctrinam
965 1352 1059 1394 eran-

100 1449 252 1526 pelicem,
274 1448 494 1508 verumetiam
510 1449 637 1522 multos,
661 1451 838 1531 ceteroquin
855 1451 894 1512 ab
919 1449 978 1512 hac
1002 1451 1057 1512 ad-

99 1568 254 1630 mittenda
271 1589 333 1637 non
352 1569 481 1641 abenas,
495 1567 596 1628 odium
605 1569 638 1628 in
652 1568 738 1628 illam
752 1570 940 1649 concepisse,
964 1571 1059 1650 quip-

99 1703 141 1764 pe
168 1706 248 1766 quae
272 1687 433 1748 seditiones
457 1686 623 1764 turbasque
648 1687 730 1747 alere
764 1687 928 1748 videretur.
972 1687 1060 1762 Quod

99 1801 291 1879 periculum,
315 1813 350 1862 ut
365 1803 456 1876 alibi,
480 1805 524 1864 ita
540 1804 572 1862 in
592 1803 699 1864 Suecia
716 1805 826 1877 etiem,
839 1800 1060 1864 Reformationi

100 1917 289 1980 imminebat.
333 1921 387 1982 llic
405 1922 487 1980 enim
513 1919 655 2000 plerique
677 1920 811 1993 incolae,
835 1921 975 2000 inprimis
991 1919 1057 1993 illi,

102 2034 160 2112 qui
177 2033 216 2092 ab
234 2035 349 2096 llolmia
375 2039 486 2096 remoti
505 2037 666 2110 vivebant,
689 2038 825 2098 moribus
841 2047 874 2096 et
890 2037 1057 2109 institutis,

100 2154 256 2231 aproavis
273 2153 421 2232 acceptis,
444 2151 558 2212 addicti
581 2153 727 2230 fuerunt,
758 2173 849 2234 quam
876 2154 916 2214 ob
940 2173 1059 2216 causant

100 2288 165 2330 non
192 2269 259 2330 fieri
287 2289 349 2329 non
376 2269 495 2348 potuit,
529 2270 605 2348 quin
640 2269 751 2330 lamam
786 2269 825 2330 de
856 2270 1061 2333 fanaticorum

100 2385 214 2464 agendi
239 2387 368 2458 ratione,
400 2386 468 2446 loca
493 2386 636 2465 religiosa
670 2387 851 2448 violantium
887 2389 1061 2468 horumque

100 2512 279 2564 ornamenta
301 2523 386 2564 sacra
409 2503 634 2582 frangentium,
657 2521 747 2580 aegre
764 2503 898 2576 ferrent,
922 2505 1062 2585 inprimis

101 2639 175 2680 vero
195 2639 265 2680 cum
283 2619 393 2678 Clerici
410 2620 444 2676 ia
466 2619 561 2696 ipsam
587 2617 842 2680 Reformationem
869 2621 914 2680 rei
941 2622 1060 2702 culpam

101 2736 291 2797 conferrent.
333 2735 410 2794 Hinc
427 2735 543 2794 lactum
560 2745 622 2808 est,
655 2735 738 2816 quod
762 2737 929 2812 lutherus,
962 2759 1060 2820 quum

102 2856 136 2914 in
168 2853 326 2916 Germania
348 2853 562 2934 Anabaptistae
578 2855 736 2934 opiniones
759 2875 827 2915 suas
855 2857 887 2914 vi
914 2866 945 2916 et
968 2858 1059 2918 armis

103 2982 323 3054 propagarent,
347 2972 471 3034 fortiter
488 2973 560 3052 ipsis
585 2973 752 3046 restiterit,
775 2972 930 3053 principes
947 2972 1058 3034 adhor-

104 3101 188 3164 tans,
222 3099 257 3153 ut
282 3091 480 3170 perniciosam
509 3090 647 3164 turbam,
680 3092 705 3150 si
732 3092 812 3151 vires
838 3091 920 3152 baud
946 3092 1058 3152 defice·

104 3219 190 3280 rent,
223 3213 416 3279 coercerent,
449 3208 526 3288 quin
552 3207 614 3266 imo
639 3207 777 3266 delerent
797 3207 856 3287 (1).
899 3207 974 3268 ilinc
992 3209 1057 3267 lac·

104 3334 171 3386 tum
188 3323 280 3384 etiarn
296 3333 358 3394 est,
391 3323 474 3402 quod
502 3323 650 3384 Gustavus
673 3323 819 3382 fanaticos
845 3321 984 3382 doctores
1010 3342 1058 3381 re·

139 3546 179 3614 (a)
201 3542 376 3594 Provocarem
396 3542 427 3590 ad
446 3541 583 3606 libellum,
604 3540 653 3592 bac
677 3539 872 3606 opportunitate
895 3557 910 3591 a
940 3537 1059 3592 Lutbere

104 3631 296 3698 conscriptum:
324 3629 426 3681 Wider
456 3629 505 3680 die
533 3627 744 3682 reuberiscten
764 3626 824 3680 und
845 3626 1059 3680 mdrderisclreu

105 3723 225 3771 nauem
243 3717 299 3787 (ct.
316 3717 341 3768 ll
352 3733 409 3768 ase
430 3715 750 3786 Kircbengsschiclvte,
769 3735 796 3786 p.
811 3715 880 3779 415,
904 3715 991 3768 Brov
1003 3717 1010 3766 i
1021 3735 1057 3769 ur

105 3809 124 3858 l.
141 3823 166 3860 c.
183 3825 210 3872 p.
222 3807 302 3874 ber),
321 3807 342 3857 si
365 3804 432 3856 illud
455 3805 611 3873 inspiciendi
632 3805 855 3872 opportunitatem
877 3803 990 3858 nancaei
1005 3823 1057 3875 po-

106 3895 218 3947 tuissem.
253 3891 327 3944 Idem
341 3903 427 3946 tamen
441 3895 502 3946 satis
517 3911 644 3962 superque
662 3894 787 3962 probatur
803 3892 942 3960 Epistolis,
961 3893 1009 3946 bac
1023 3896 1056 3947 de

105 4003 135 4037 re
151 4001 164 4033 s
179 3969 439 4050 Lntberescriptis,
457 4001 523 4050 qnae
549 3993 649 4036 exstant
675 3981 743 4051 apud
768 3983 810 4034 de
833 3979 972 4048 Wette,
993 3985 1012 4036 Ι.
1034 4001 1056 4034 e.

106 4069 139 4128 Τ.
157 4070 184 4125 ll
199 4109 206 4137 ,
223 4087 251 4139 p.
264 4067 335 4136 6⁵2,
351 4071 420 4138 66⁵,
438 4071 497 4140 669·
