2668 4784
621 391 804 452 -tltt-

236 584 343 646 elesiae
358 580 486 641 divitiae
502 588 624 660 praeter
649 577 771 640 mcdrnn
787 587 897 638 auctae
914 577 1057 649 lucrant,
1089 578 1136 638 ita
1159 580 1195 640 in

235 699 352 780 patriae
376 697 519 769 damrm
536 697 596 759 boc
613 695 728 758 factum
755 703 836 769 esse,
860 714 949 756 nuno
966 703 1031 768 est,
1055 695 1111 775 qui
1129 715 1196 756 non

235 813 347 876 rideat.
368 815 488 876 Etenim
504 815 577 876 dum
590 835 677 895 reges
693 815 747 876 illa
764 815 904 876 destituti
922 822 1011 875 erant
1028 813 1076 885 vi,
1100 821 1136 873 ut
1153 813 1197 874 ab

232 941 446 994 extraneorum
461 933 596 995 hostium
612 935 729 1016 impetu
749 933 888 995 sueciam
911 929 1125 1006 defenderent,
1155 935 1196 994 in

232 1051 297 1132 ipsa
315 1049 422 1112 Sueoia
435 1053 541 1112 civitas
556 1061 639 1124 erat,
662 1052 750 1130 cujus
767 1050 988 1131 gubernatores
1006 1049 1194 1114 auctoritate

233 1169 403 1249 saepissime
429 1169 516 1230 abusi
542 1169 666 1230 luerent
698 1177 730 1230 et
765 1170 940 1230 etiamnunc
976 1167 1197 1230 abutebantur.-

234 1288 383 1364 Quocirca
400 1289 502 1367 regiae
520 1285 679 1368 dignitatis
695 1285 891 1348 incolumitas
909 1283 981 1346 satis
999 1293 1063 1345 erat
1083 1303 1196 1364 preca·

232 1406 295 1475 ria,
319 1405 458 1484 inprimis
485 1425 581 1484 quum
608 1403 746 1464 ldonachi
769 1401 976 1464 mendicantes
1004 1402 1200 1464 auctoritatis·

233 1520 454 1582 ecclesiasticae
469 1521 615 1582 satellites
631 1530 731 1582 essent
750 1531 886 1595 tenaces,
909 1521 1023 1601 quippe
1040 1521 1110 1600 qui,
1127 1541 1196 1582 om-

234 1657 304 1698 nem
322 1638 459 1700 Sueoiam
481 1645 694 1718 peragrantes,
727 1639 871 1720 credulae
898 1639 1064 1700 Succorum
1088 1639 1203 1700 turbae

233 1755 415 1839 persamdere
442 1755 579 1816 solebant
604 1756 840 1830 Ecclesiasticis,
872 1776 935 1816 non
968 1775 1040 1816 vero
1074 1757 1198 1836 regibus

236 1874 437 1936 obediendam
464 1893 538 1934 esse.
579 1873 641 1932 lieo
668 1871 765 1949 igitur
793 1873 905 1934 mirsnn
931 1873 1060 1946 accidit,
1086 1877 1200 1936 Gustu-2

236 2007 308 2052 runt
333 1990 478 2072 dignitati
504 1991 607 2069 regiae
632 1990 810 2050 renuntiare
843 1992 1000 2064 maluisse,
1034 2013 1126 2074 quam
1151 1993 1199 2053 ita

237 2109 360 2170 nomine
376 2109 489 2188 magis,
511 2127 602 2188 quam
620 2127 671 2181 re,
693 2107 782 2187 regni
799 2125 906 2186 gerere
919 2107 1063 2171 habenas.
1084 2109 1198 2172 verum

237 2227 319 2285 enim
348 2245 421 2285 vero
444 2225 519 2284 dnm
546 2225 606 2286 hoc
632 2227 713 2303 egit,
736 2233 773 2284 ut
799 2225 1003 2288 llonarchiam
1028 2229 1062 2288 in
1090 2231 1200 2292 Suseia

239 2341 400 2416 conderet,
423 2343 513 2404 simul
530 2343 693 2404 Ecclesiam
711 2345 893 2408 emendavit.
917 2347 1003 2423 Quod
1021 2359 1123 2409 tamen
1136 2367 1199 2408 non

238 2462 283 2522 ita
308 2461 387 2541 egit,
420 2470 472 2536 nt,
514 2461 709 2542 politicorum
743 2463 858 2537 instar,
890 2465 961 2543 qni,
994 2484 1063 2524 cum
1089 2465 1199 2544 politi·

238 2581 282 2640 ois
297 2579 405 2640 studiis
422 2579 513 2640 unice
530 2579 702 2652 ducantur,
734 2580 768 2640 in
795 2579 950 2641 condenda
967 2588 999 2641 et
1015 2581 1203 2644 vindicanda

236 2697 420 2757 auctoritate
436 2697 598 2758 subsistere
620 2698 734 2770 solent,
758 2699 801 2757 'in
827 2697 1029 2760 diminuendis
1057 2697 1201 2760 Clerico·

238 2833 308 2874 rum
326 2813 508 2882 auctoritate
526 2821 558 2871 et
585 2811 701 2872 divitiis
728 2813 926 2891 subsisteret3
956 2835 1078 2890 verum,
1103 2837 1201 2896 quum

241 2931 348 2990 studiis
382 2931 516 3009 politicis
551 2931 695 3008 junctum
730 2940 808 2990 esset
835 2931 1016 3011 depravatae
1044 2934 1200 3014 religionis

242 3046 425 3107 christianae
439 3044 642 3105 emendandae
659 3045 811 3118 studium,
825 3049 916 3107 simul
925 3050 1020 3126 jussit
1034 3051 1195 3123 Gustarus,

241 3173 277 3225 ut
302 3163 336 3222 in
362 3161 502 3223 omnibus
528 3162 617 3242 regni
642 3161 753 3223 scholis
780 3164 809 3223 S.
828 3164 863 3224 C.
885 3165 1052 3245 legeretur.
1095 3170 1198 3230 Caete-

241 3304 310 3344 rum
337 3279 637 3344 animadvertendum
656 3291 719 3357 est,
743 3283 908 3345 (iustarum
926 3283 991 3360 his,
1016 3288 1075 3347 etsi
1101 3287 1198 3347 omnia

242 3404 334 3484 plane
350 3420 429 3461 nova
445 3419 507 3460 non
527 3407 641 3472 essent,
674 3419 778 3458 rerum
803 3420 959 3462 sacrarum
984 3404 1018 3462 in
1042 3405 1149 3466 Suecia
1166 3424 1197 3464 e·

243 3520 466 3582 mendaticnem
485 3518 607 3597 egregie
632 3517 824 3596 promovisse.
867 3518 987 3579 Etenim
1015 3530 1104 3582 antea
1129 3521 1198 3602 qui-

245 3613 314 3698 dem
325 3636 510 3697 Clerioorum
529 3633 673 3694 electioni
688 3651 720 3692 se
734 3631 954 3709 immiscuerat,
972 3635 1091 3696 aedium
1100 3658 1199 3698 sacra-

245 3773 315 3814 rum
341 3765 373 3815 et
399 3751 650 3814 monasteriorum
677 3749 834 3810 ieenerum
861 3753 1034 3832 catalogum
1051 3756 1199 3817 conscribi

246 3879 421 3943 curaverat,
446 3867 576 3929 Clericus
601 3865 756 3928 seditionis
782 3879 973 3929 accusaverat
999 3889 1100 3932 coram
1114 3871 1199 3951 judi·

246 3985 330 4048 cibus
348 3984 568 4063 saecularibus3
589 3983 764 4060 Braskium,
788 3983 860 4047 010t
883 3985 981 4072 Tyste
993 3991 1198 4052 excommuni-

249 4112 383 4175 cantem,
406 4101 661 4182 reprehenderat,
683 4101 793 4176 verbo,
817 4117 968 4163 summum
986 4103 1019 4166 in
1036 4104 1199 4170 Ecclesias-
