2690 4790
625 353 807 416 —ttt-

232 539 607 624 euariutaepertodn,
630 542 808 624 angulatim
826 541 985 623 spectatis,
1006 541 1130 608 ficere
1146 565 1205 609 co·

235 659 398 732 nabamur,
421 659 498 740 quid
514 659 554 720 de
571 659 653 740 ipso,
666 677 715 722 res
733 679 831 722 sacras
848 661 882 720 in
899 659 1005 722 Snecia
1020 661 1207 724 instauran-

236 787 284 850 te,
310 776 511 854 judicantum
536 779 594 850 sit,
627 777 672 839 ita
698 779 809 840 horum
835 781 969 841 omnium
995 781 1206 861 Conspectum

233 893 395 970 exhibere,
418 895 500 956 hautl
516 913 736 976 supervacuum
753 897 885 958 videtur.

278 1014 318 1078 Et
334 1015 469 1097 primam
486 1012 610 1093 qnitlem
625 1015 698 1092 jure
711 1016 885 1095 meritoque
902 1034 941 1074 ex
959 1013 1015 1088 iis,
1039 1033 1118 1095 quae
1134 1013 1203 1076 tlia-

235 1131 424 1212 putarimns,
447 1129 566 1192 efficere
582 1131 671 1192 nobis
687 1132 840 1205 ridemur,
864 1133 1032 1193 Gustavum
1048 1131 1208 1194 Ecclesiae

238 1247 381 1310 Suecicae
398 1248 638 1308 instauratorem
652 1265 718 1309 esse
734 1247 907 1310 dicendum.
929 1248 1023 1322 Narn,
1039 1251 1096 1308 etsi
1113 1249 1206 1312 mul·
1295 1263 1298 1270 ’

238 1367 263 1426 tl
281 1383 385 1428 rernm
402 1385 555 1427 morarum
572 1368 606 1426 in
634 1366 740 1428 suecia
764 1365 991 1426 instaurationis
1019 1365 1137 1426 landem
1164 1367 1205 1426 in

238 1483 346 1544 Oleum
364 1493 397 1544 et
414 1484 611 1546 Laurentium
629 1483 712 1544 Petri
730 1483 870 1544 conterre
887 1483 1003 1556 solent,
1026 1501 1129 1564 neque
1146 1503 1207 1546 nos

237 1617 399 1680 negamus,
440 1601 618 1662 duumviros
644 1600 699 1662 hos
735 1604 859 1683 egregie
894 1605 953 1684 ipsi
989 1603 1202 1678 consuluisse,

239 1717 416 1798 praecipuas
434 1725 535 1776 tamen
552 1717 659 1778 laudes
678 1717 809 1782 Gustare
836 1721 1011 1782 tribuendas
1029 1743 1201 1794 oensetnus.

237 1836 313 1896 Tota
331 1847 433 1898 autern
455 1855 544 1898 causa
561 1854 656 1915 quum
674 1854 692 1894 a
710 1837 837 1898 notione
856 1839 987 1920 pendet,
1012 1859 1106 1919 quam
1132 1843 1204 1923 quis

236 1952 276 2014 de
302 1953 529 2016 Reformatione
555 1950 614 2013 sibi
639 1949 798 2025 informet,
833 1954 909 2016 haec
937 1957 1037 2037 qualis
1060 1979 1080 2019 e
1097 1969 1204 2022 nostra

238 2073 279 2134 sit
296 2073 465 2146 sententia,
476 2071 683 2132 definiendum
700 2079 755 2130 est.
778 2069 873 2145 Quam
890 2071 931 2132 ob
949 2089 1016 2132 rem
1033 2073 1128 2152 ipsius
1145 2093 1203 2135 vo·
1303 2145 1306 2154 1

239 2192 285 2254 cis
301 2191 363 2252 rim
379 2190 580 2252 attendamus.
623 2189 706 2265 Quae
723 2206 794 2248 sane
821 2187 883 2250 alia
909 2207 972 2248 esse
998 2208 1059 2250 non
1076 2199 1198 2268 potest,

238 2303 298 2364 nisi
311 2323 363 2377 ea,
386 2325 448 2386 qua
465 2305 629 2366 Ecclesiam
645 2309 823 2370 reformasse
841 2309 896 2369 ille
913 2309 1053 2384 dicetur,
1077 2308 1130 2389 qui
1147 2309 1199 2368 in-

237 2423 364 2496 stituto,
397 2421 555 2485 Ecclesiae
591 2427 714 2486 nomine
741 2426 843 2500 dicto,
885 2427 1042 2508 antiquam
1073 2425 1203 2488 formem

240 2541 393 2603 restituat.
414 2538 566 2604 Ecclesiae
582 2563 673 2617 vero,
693 2545 808 2626 quippe
825 2545 964 2604 societati
989 2543 1151 2622 religiosae
1169 2553 1203 2604 et

238 2661 364 2738 morali,
396 2683 485 2726 nemo
513 2665 671 2744 antiquam
692 2663 862 2726 restituisse
892 2660 1021 2721 formam
1055 2657 1201 2720 dicendus
1225 2741 1230 2754 ⁸

240 2789 304 2854 est,
327 2781 387 2844 nisi
413 2783 469 2862 qui
497 2791 528 2842 et
552 2782 686 2862 ejusdem
713 2783 851 2862 regimen
869 2788 901 2840 et
918 2780 1069 2840 sociorum
1083 2777 1202 2838 doetri-

239 2918 310 2960 nam
329 2919 488 2980 moresque
506 2899 565 2960 hoc
592 2901 715 2960 nomine
741 2907 839 2960 curet.
883 2897 966 2971 Quae
984 2915 1058 2956 cura
1075 2913 1145 2955 curn
1163 2893 1204 2954 de

240 3013 372 3078 Ecclesia
393 3017 592 3089 Christiano,
605 3019 669 3077 sive
676 3015 810 3094 ejusdem
819 3012 1197 3093 particula,adl1ibeatur,

240 3129 458 3194 llel'ormatoris
476 3129 627 3190 Ecclesiae
645 3131 832 3192 Christianae
858 3133 982 3192 nomine
1009 3135 1064 3216 qui
1089 3133 1201 3212 dignus

241 3267 306 3310 esse
331 3248 423 3322 velit,
448 3248 611 3330 Regimen,
634 3249 804 3312 doctrinam
831 3259 862 3310 et
888 3268 1004 3324 mores,
1028 3250 1129 3331 quoad
1143 3269 1199 3330 po-

208 3373 214 3386 '
242 3368 333 3441 terit,
354 3363 1055 3440 eChristianaedoctrinaesententiaimtituat,
1079 3385 1203 3428 neeesse

241 3493 297 3546 est.
340 3484 424 3558 Quae
449 3503 519 3544 eum
536 3485 579 3545 ita
599 3486 677 3561 sint,
712 3488 876 3548 Gustavum
902 3485 1116 3548 Reformatoris
1142 3487 1200 3548 Ec·

241 3599 351 3688 clesiae
366 3603 551 3666 Christianae
569 3603 712 3664 suecicae
729 3605 851 3664 nomine
877 3605 1087 3684 dignissimum
1115 3625 1197 3679 esse,

241 3737 331 3781 nemo
356 3729 418 3795 est,
442 3722 497 3800 qui
516 3737 578 3780 non
604 3719 715 3780 videat.
757 3720 827 3780 Sive
852 3723 934 3782 enim
952 3731 1120 3803 spectemus
1138 3724 1200 3784 lle-

238 3833 341 3915 gimen
368 3837 626 3909 Ecclesiasticum,
655 3837 719 3896 sive
746 3834 935 3900 attendamus
960 3839 1199 3900 Christianorum

241 3953 411 4016 doctrinam
438 3975 614 4037 moresque,
650 3954 763 4034 Regem
790 3957 1021 4018 celeberrimum
1047 3957 1199 4024 Ecclesiae

241 4072 478 4136 llelormatorern
495 4087 559 4136 sese
575 4073 775 4154 praestitisse,
800 4073 891 4136 focile
907 4071 994 4134 nobis
1011 4081 1105 4154 patet.
