2694 4792
502 347 661 408 ...81-

137 541 179 600 Er
213 539 262 598 his
297 547 331 598 ut
357 547 496 619 apparet,
544 535 712 596 (iustarum
749 529 807 589 hac
842 529 1046 610 disputatione

94 659 216 738 ‘aperie
245 655 455 718 reformationi
481 651 685 726 consuluisse3
715 648 773 720 ita,
806 655 842 706 ut
867 646 1040 721 redeamus,

97 775 177 836 unde
198 775 349 856 promessi
375 773 494 844 sumus,
525 766 827 830 animadvertendum
844 774 907 839 est,
932 767 1040 827 Gusta-

96 912 164 954 vunr
190 893 308 972 majora
344 889 403 950 hae
430 887 656 968 opportunitate
693 904 799 946 amum
835 903 916 957 esse,
950 899 1042 962 quam

95 1009 191 1071 adhuc
228 1017 406 1071 tentaverat.
465 1007 603 1078 Etenim,
644 1014 680 1066 ut
716 1005 839 1076 monui,
882 1002 921 1063 ad
956 1000 1048 1060 illum

91 1146 189 1208 nsque
215 1127 295 1186 diem
332 1125 412 1186 nihil
446 1126 640 1198 instituerat,
671 1125 731 1184 nisi
767 1121 851 1204 quod
879 1122 911 1179 vi
943 1118 1055 1196 regiae·

90 1244 246 1324 dignitatis
271 1245 344 1322 jure
369 1243 532 1304 instituere
558 1251 710 1322 potuerat.
754 1239 828 1314 Sed,
861 1255 957 1318 quum
984 1234 1044 1297 hae

90 1363 318 1442 opportunitate
334 1360 494 1420 victoriam
512 1358 679 1436 assignaret
705 1355 794 1429 Olao,
817 1355 972 1416 doctrinae
998 1355 1052 1414 ri-·

89 1474 234 1554 tibiasque
250 1475 383 1552 receptis
408 1473 577 1545 resistenti,
612 1475 729 1534 cunetis
755 1472 939 1547 declaravit,
964 1491 1043 1554 qrme

89 1591 191 1652 adbuc
227 1589 397 1652 celaverat:
438 1588 600 1652 Ecclesiam
639 1610 677 1650 ex
712 1611 766 1654 sua
801 1592 951 1652 sententia
990 1590 1044 1650 de-

88 1717 246 1789 pravatam
262 1727 327 1768 ease
343 1707 478 1788 adeoque
495 1725 528 1767 se
545 1707 625 1767 velle
638 1707 750 1794 ⁴borum
773 1709 977 1770 emendationi
994 1708 1042 1770 ia-

89 1846 170 1888 vere.
211 1824 341 1900 Verum,
365 1825 423 1886 etsi
442 1825 480 1885 ab
497 1824 556 1886 hoc
572 1825 644 1886 inde
670 1836 807 1906 tempore
834 1827 930 1904 magis
957 1843 1046 1906 aper·

91 1955 122 2006 te
138 1944 377 2026 reprehenderet
394 1945 544 2007 Ecclesiae
567 1945 661 2017 vitia,
693 1944 743 2004 vel
770 1945 814 2004 sic
840 1953 943 2004 tamen
968 1961 1044 2022 pru·

90 2063 229 2136 dentiae,
262 2083 322 2143 qua
357 2072 393 2124 ut
420 2073 600 2136 uterentur,
633 2062 760 2123 caeteris
787 2060 1048 2122 Reformatoribus

91 2193 200 2244 auctor
225 2189 309 2255 erat,
341 2180 425 2240 haud
448 2178 694 2242 obliviscebatur.
746 2177 833 2254 Quod
858 2189 927 2258 post
954 2177 1048 2240 breve

92 2299 303 2362 tantummodo
331 2299 475 2378 temporis
505 2298 636 2378 spatium
672 2298 830 2378 apparuit,
862 2315 957 2378 quum
983 2315 1048 2357 ma·

91 2413 272 2474 trimonium
298 2413 391 2474 iniret
417 2415 505 2478 Olaus
522 2415 624 2490 Petri,
645 2425 677 2476 et
694 2415 859 2494 Episcopus
876 2415 934 2476 hac
952 2416 990 2476 de
1013 2435 1049 2476 re

90 2530 174 2612 apud
193 2551 295 2611 regem
312 2543 504 2612 quereretur.

178 2763 336 2824 Gustatus
359 2763 429 2824 Oloi
451 2762 682 2824 matrimonium
708 2775 811 2826 ratum
828 2765 919 2826 labet
941 2778 974 2826 et

198 2879 345 2954 Brachia,
375 2881 484 2942 Olorem
503 2881 560 2941 tae
579 2883 615 2942 do
634 2903 728 2944 cansa
747 2886 831 2965 apud
845 2885 948 2963 ipsam
1049 2908 1052 2920 ’

213 3051 216 3060 .
280 3053 284 3062 ,
331 2999 531 3073 criminanti,
556 2999 675 3062 resistit
693 2997 812 3084 (1525).

133 3233 251 3308 Verba,
276 3235 386 3313 quibus
404 3242 474 3294 ante
492 3251 603 3312 paucos
621 3235 830 3296 tantummodo
849 3255 958 3308 annos,
970 3237 1051 3298 Pal·

93 3353 280 3418 lavicini
298 3353 383 3412 Pont.
404 3352 480 3413 Rom
497 3349 711 3429 persuadebat,
736 3361 772 3412 ut
786 3352 969 3413 coelibatum
986 3352 1050 3412 ior·

94 3475 171 3534 titer
189 3477 344 3543 tueretur,
369 3467 553 3528 verissimam
579 3467 618 3527 de
645 3467 736 3547 hujus
763 3467 898 3528 instituti
924 3469 956 3528 vi
982 3489 1051 3530 sen-

95 3591 227 3651 tentiam
245 3587 400 3648 exhibent.
423 3585 572 3661 ·Quodsi,
596 3587 641 3646 ita
657 3585 728 3659 ille,
747 3585 962 3648 Ecclesiasticis
977 3565 1052 3650 con·v

95 3687 225 3769 cedatur
251 3705 493 3776 matrimonium,
527 3703 701 3766 Hierarohia
728 3705 1054 3770 Romano-Pontificio

96 3825 201 3885 deleta
217 3832 249 3882 et
266 3823 404 3904 Episcopi
422 3823 547 3883 Romani
562 3822 726 3884 auotoritas
743 3823 887 3901 abrogata
903 3822 965 3884 diei
982 3845 1053 3905 pos-

28 3931 34 3941 *
97 3951 191 4017 sunt;
222 3959 292 4000 nam
318 3939 536 4013 Ecclesiastici,
569 3941 624 4021 qui
651 3930 678 4002 a¹
694 3939 847 4000 coelibatu
882 3939 1053 4019 desistunt,

99 4058 248 4123 uxoribus
267 4059 325 4120 suis
342 4061 522 4142 puerisque,
541 4060 659 4128 civitati
673 4057 1052 4138 devmciuoturnecdeins
1164 4071 1165 4074 ’

935 4177 954 4235 6
