2668 4784
585 1107 754 1180 CAPUT
789 1107 870 1178 111.

280 1373 472 1441 GUSTAWS
492 1377 828 1453 aeternalem,
851 1375 1012 1440 rosnat
1030 1374 1194 1438 SENATUS

365 1499 627 1564 altercatura
648 1502 692 1562 ΙΝ
713 1501 881 1564 cottlvlls
902 1499 1119 1564 Anesiates

463 1621 532 1682 ltus
553 1621 763 1697 staclvttt,
787 1621 1018 1685 svmmvm

485 1911 519 1949 n
541 1911 615 1950 anno
638 1889 717 1952 1527
738 1911 776 1950 so
797 1909 894 1950 annos
918 1889 1004 1951 1560.

648 2176 837 2208 -ΘΟΦ-

337 2399 400 2510 [iti
427 2445 538 2526 vulgo,
569 2443 697 2506 docente
723 2445 927 2524 experientia,
958 2447 992 2506 in
1026 2446 1223 2526 exsequendis

271 2561 401 2626 decretis
418 2565 508 2625 malti
521 2565 606 2644 justo
623 2564 786 2625 severiores
799 2573 871 2624 sunt
888 2562 1022 2636 dicendi,
1046 2564 1089 2622 ita
1107 2583 1221 2643 negan-

273 2681 345 2742 dum
355 2703 416 2743 non
426 2691 472 2742 est
481 2683 555 2743 alios
563 2683 684 2744 lenitati
693 2683 820 2742 nimium
828 2681 995 2761 indulgere.
1018 2681 1225 2760 Persapienter
1317 2735 1318 2766 ¹

271 2808 374 2861 autem
391 2800 440 2860 illi
456 2787 567 2880 agunt,
592 2801 659 2879 qui,
683 2800 804 2880 imperii
821 2799 953 2860 habenas
970 2799 1057 2859 firma
1073 2817 1165 2858 manu
1179 2809 1223 2859 te·
1317 2821 1318 2828 ¹

272 2928 396 2991 nentes,
429 2918 519 2978 simul
547 2927 648 2978 tamen
674 2917 718 2976 ita
744 2917 846 2995 legum
869 2917 931 2975 vim
956 2916 1169 2988 moderentur,
1192 2923 1225 2976 ut
1317 2891 1318 2914 ³

272 3034 357 3098 haud
382 3043 512 3094 noceant
538 3033 592 3106 iis,
625 3051 755 3111 quorum
781 3032 873 3091 saluti
892 3052 910 3090 e
928 3033 1110 3111 legislatoris
1129 3041 1225 3092 mente
1317 3095 1318 3100 ,

272 3151 420 3214 inservire
435 3149 618 3209 debuissent.
662 3147 745 3222 Quae
761 3147 931 3208 observatio
950 3153 1075 3212 omniuo
1094 3151 1175 3212 valet
1190 3149 1225 3208 dc

273 3271 409 3343 ratione,
441 3287 502 3349 qua
528 3267 676 3328 Gustavus
702 3267 736 3326 in
763 3267 976 3330 constituenda
1006 3268 1226 3330 deformatione
1317 3289 1318 3344 l

274 3387 464 3472 processerit.
506 3385 634 3446 Decreta
650 3386 731 3446 enim
749 3385 917 3450 Arosiensia
931 3409 1022 3470 quam
1035 3391 1163 3449 maxime
1179 3387 1226 3446 sa-

276 3508 336 3568 isse
353 3503 574 3566 accommodata
593 3503 631 3564 ad
648 3505 881 3583 promovendam
904 3509 1004 3586 gentis
1029 3507 1170 3568 Sueoicae
1182 3525 1227 3566 sa·

278 3625 392 3696 lutam,
415 3641 504 3680 nemo
522 3630 584 3694 est,
609 3621 734 3700 quinon
751 3620 862 3684 videat.
885 3623 1023 3698 Atvero,
1036 3645 1227 3706 summaopus

279 3754 346 3806 erat
362 3754 394 3804 et
411 3742 573 3823 prudentia
591 3751 623 3801 et
642 3745 812 3804 constantia
836 3743 870 3803 in
896 3744 959 3804 illis
982 3743 1184 3817 vindicandis,
1205 3742 1228 3800 si

279 3859 329 3918 vel
355 3879 490 3939 unquam
515 3857 594 3920 illud
619 3857 788 3934 efficerent,
822 3862 905 3942 quod
932 3861 1099 3941 legislatori
1134 3861 1229 3922 fuerat

279 3976 477 4057 propositum.
520 3975 691 4053 Quomodo
708 3977 805 4057 igitur
823 3977 971 4040 Gustavus
997 3975 1095 4040 officio
1118 3979 1228 4058 gravis·

280 4094 354 4158 simo
370 4087 494 4160 tanetus
511 4096 568 4168 sit,
593 4093 754 4160 videamus.
779 4098 843 4174 Qua
862 4097 895 4158 in
913 4113 964 4184 re,
988 4103 1024 4156 ut
1041 4095 1149 4159 ordine
1162 4117 1228 4178 pro·
