2690 4790
644 359 824 442 ..up-

260 547 377 608 utens·
393 549 513 628 patriae
528 555 606 610 esses
624 545 811 614 clericorum
828 554 862 608 et
888 544 1053 606 auctoritas
1077 553 1112 606 et
1138 546 1216 610 disi·

262 665 322 726 tiae
339 681 496 746 mamurra
511 666 594 726 intus
611 666 645 726 in
670 668 764 748 ipsius
789 666 891 726 animo
916 663 1050 726 haeserst
1065 666 1219 746 persuasio

258 779 297 842 de
314 781 483 844 miserrimo
500 783 652 845 Ecclesiae
668 783 860 856 conditione,
889 797 908 845 e
930 781 1090 844 doctrinae
1114 783 1218 846 Chris·

257 900 360 960 tianae
375 909 479 960 mente
506 901 703 964 emendanda.
744 902 902 964 Praeterea
923 919 997 962 uero
1019 901 1079 963 hoc
1095 904 1216 982 quom·

260 1035 319 1077 nus
335 1027 516 1094 statuamus,
549 1021 614 1100 ipsa
639 1017 809 1100 impediunt
833 1021 959 1082 Gustavi
988 1019 1027 1080 ad
1053 1019 1214 1081 emendan-

256 1132 327 1195 dsm
352 1134 516 1198 Ecclesiam
539 1137 716 1214 conamiua3
747 1155 827 1217 quae
852 1155 923 1198 sane
951 1135 1012 1196 alia
1038 1135 1168 1198 inissem
1193 1137 1218 1198 si

250 1233 308 1313 'vel
325 1251 391 1328 his,
414 1253 465 1315 vel
482 1253 545 1314 illis
562 1253 687 1328 studiis,
700 1253 910 1316 uniceductns
928 1253 1042 1314 inisset.
1063 1255 1158 1328 llam,
1182 1263 1219 1315 ut

256 1389 352 1450 passos
369 1389 389 1431 e
406 1372 512 1434 multis
530 1391 755 1446 recenseamus,
776 1371 905 1433 siunico
919 1372 983 1432 sive
997 1371 1143 1451 regnandi
1159 1390 1217 1432 cu·

254 1485 376 1567 pidine,
412 1490 477 1550 sive
501 1489 650 1550 bonorum
677 1489 956 1552 Ecclesiasticornm
973 1487 1219 1589 desiderio,'ila·
1327 1562 1328 1592 1

256 1613 387 1684 grenat,
411 1623 474 1686 quo
492 1607 614 1668 tandem
630 1607 720 1668 modo
737 1607 891 1688 explicare
907 1608 1074 1687 possimus,
1093 1614 1219 1666 tettan·
1327 1607 1328 1638 ³

258 1730 367 1802 tasque
392 1723 482 1783 illum
507 1722 635 1784 subiisse
660 1743 748 1784 curas
777 1723 816 1784 ad
841 1723 1045 1785 instituendos
1075 1723 1218 1784 erudien-

255 1839 372 1921 dosqne
389 1841 520 1903 Clericus
536 1859 633 1920 aeque
648 1859 684 1900 ac
702 1839 807 1901 laicos
829 1853 862 1902 ct
881 1841 920 1902 ad
936 1840 1217 1902 emendandosillo·

134 1982 139 1992 ¹
258 1977 328 2018 rum
350 1955 476 2021 mores?
525 1957 677 2020 Bonorum
702 1955 978 2018 Ecclesiastisorum
1005 1957 1158 2020 desiderio
1194 1958 1220 2018 si

258 2075 351 2138 msice
366 2076 407 2136 ad
422 2075 573 2156 agendum
590 2075 697 2136 fuisset
714 2074 876 2148 incitatus,
899 2073 958 2135 hac
976 2077 1110 2155 pecunia
1127 2076 1221 2135 mini·

258 2214 308 2256 me
333 2215 405 2255 usus
432 2193 540 2257 suisset
565 2193 604 2254 ad
627 2213 662 2255 ea
678 2191 881 2264 instituenda,
905 2211 1000 2272 quae,
1023 2202 1062 2253 ut
1079 2193 1220 2274 deinceps

257 2309 445 2383 videbimus,
467 2328 574 2370 revera
590 2310 743 2383 instituit,
769 2319 802 2370 ct
819 2310 951 2370 minores
959 2329 1031 2371 sane
1038 2311 1154 2372 reditus
1161 2311 1220 2373 Ec·

260 2428 437 2491 clesisstiois
455 2427 633 2508 assignasset
650 2423 699 2507 (1)
716 2425 868 2507 pluraque
884 2425 943 2485 sibi
960 2426 1141 2487 vindicasset
1160 2425 1221 2508 (2).
1329 2429 1330 2458 ¹

258 2547 321 2608 lieo
338 2566 411 2608 vero
427 2547 528 2606 minus
544 2548 636 2606 unice
652 2543 836 2605 deciderim
854 2543 1038 2604 reformandi
1054 2542 1224 2606 Ecclesiam

257 2665 346 2724 illum
372 2665 530 2738 incitasse,
562 2663 726 2724 defendere
752 2663 858 2724 ausim.
909 2661 985 2723 llam
1008 2660 1159 2722 habentur
1186 2663 1225 2724 in

258 2780 325 2860 ejus
342 2779 471 2842 historia
487 2797 536 2840 res
553 2787 657 2860 gestae
672 2781 855 2854 nonnullae,
879 2801 959 2861 quac
975 2780 1024 2842 his
1041 2801 1148 2843 revera
1165 2779 1223 2843 ob·

259 2907 352 2959 stant.
395 2899 543 2974 Quocirca
570 2905 705 2958 statuere
730 2897 853 2973 malim,
878 2898 1044 2960 dusiacum
1066 2899 1101 2958 in
1118 2919 1224 2960 omen·

261 3013 361 3074 dando
369 3013 527 3092 lleffimiue
534 3015 761 3088 Ecclesiastico,
784 3025 849 3076 tum
867 3015 975 3076 studiis
990 3016 1138 3096 politicis,
1158 3027 1226 3077 tum

262 3129 420 3192 doctrinae
444 3129 636 3191 Christianae
661 3131 794 3212 purioris
820 3149 938 3204 amore,
969 3131 1097 3194 ductum
1120 3133 1224 3194 fnium.

264 3249 327 3312 lieo
353 3267 466 3330 negare
490 3249 587 3312 ausim
613 3249 682 3312 aliis
706 3249 835 3312 subinde
850 3249 958 3313 studiis
985 3252 1150 3314 (iustarum
1172 3252 1224 3313 iu·

256 3405 543 3426 m

300 3481 341 3552 (ι)
359 3479 486 3549 Exemplo
500 3481 536 3532 sit
552 3479 801 3550 Archi-episcopus
813 3478 972 3534 Laurentius
987 3487 1015 3533 cl
1030 3480 1126 3534 lilartin
1136 3477 1222 3550 styc-

265 3575 309 3634 te,
327 3567 471 3636 Episcopus
488 3567 630 3632 Abususis,
648 3585 759 3638 quorum
775 3567 849 3633 prior
873 3569 952 3620 tantis
975 3568 1103 3622 reditibus
1125 3571 1224 3638 gunde-

265 3656 328 3723 hat,
347 3665 377 3710 ut
401 3655 435 3708 50
456 3655 593 3724 juvenibus
616 3665 727 3708 sumtum
752 3653 816 3706 durs
832 3663 938 3721 posset,
958 3656 990 3708 ad
1007 3657 1225 3726 frequentandam

265 3746 435 3798 Academiam
455 3743 645 3811 Upsslisnsesu.
668 3744 730 3796 duur
745 3741 875 3810 posterior
891 3745 909 3796 8
924 3745 1032 3812 juvenes
1051 3753 1078 3800 et
1100 3749 1225 3818 inpulsis

265 3841 292 3886 ct
305 3833 334 3883 in
349 3833 408 3884 aliis
423 3830 570 3901 regionibus
584 3831 683 3883 institui
701 3831 816 3883 curabat.

300 3918 341 3988 (a)
360 3919 419 3971 linc
433 3937 513 3972 unum
529 3919 606 3972 nobis
621 3918 741 3983 exemplo
756 3918 806 3982 sit,
825 3918 899 3988 quod
916 3916 1048 3973 Gustavus
1058 3923 1222 3991 permiserit,

264 4017 294 4063 ut
310 4009 469 4080 lugemus,
487 4007 631 4078 Episcopus
647 4005 836 4074 stit'iensis,
853 4015 947 4062 cunels
970 4008 1096 4066 salinensi
1113 4013 1224 4081 privitae

262 4099 302 4169 giu
315 4135 324 4167 ,
338 4094 433 4170 quibos
445 4103 519 4151 antss
533 4096 680 4152 trachatur.
706 4093 962 4162 Striuulsulm,
979 4093 1012 4150 Τ.
1028 4096 1079 4168 11,
1095 4115 1122 4171 p.
1139 4101 1199 4158 506.
