2668 4784
111 573 183 636 pam
199 553 376 614 Brevitas
394 548 445 632 (1)
472 543 653 611 mationem
679 549 838 627 exhibeat,
862 571 901 616 cx
917 551 984 618 olai
1002 553 1061 631 n„

113 681 155 734 nt
167 670 301 744 videtur,
325 663 498 731 testimonie
523 668 669 748 petitam,
692 667 822 744 veliem,
842 669 934 752 plura
948 669 1007 736 hac
1025 673 1065 737 de

110 809 148 852 re
172 788 365 853 tradidissent
390 786 530 848 historici
553 775 681 847 Stt'ecici.
729 787 822 860 Nam,
855 807 951 870 qnam
976 791 1065 854 olaus

110 907 201 980 mihi,
224 907 285 968 hac
301 904 460 966 nltcm‘in
477 916 531 976 re,
552 902 614 964 fide
630 903 740 984 diffsus
757 923 821 966 non
842 905 982 982 videtur,
1005 911 1066 970 cri·

107 1025 307 1096 minationca,
319 1021 361 1084 ὦ
375 1019 442 1104 ipro·
456 1022 668 1083 inductivum
684 1021 830 1098 collatae,
851 1023 1069 1107 nendumpro'·

108 1139 458 1217 bataemmividentaa'f
474 1145 675 1220 qute'tam‘en
692 1151 763 1201 eum
777 1139 817 1202 cb¹
826 1143 1070 1206 testimoniorum

108 1256 323 1320 historicorum
344 1257 518 1331 (idaeam,
541 1251 728 1336 argumentis
746 1261 818 1319 satis
844 1253 936 1320 certis
960 1261 1071 1342 repelli

107 1379 178 1436 nen'
197 1384 342 1456 possunt,
381 1365 607 1436 subsistendum
634 1375 711 1436 mihi
738 1385 784 1437 est
808 1373 843 1436 in
868 1379 1064 1459 exponendo,

107 1493 187 1574 qnid
204 1493 382 1554 verosimile
404 1493 467 1552 dici
490 1493 594 1572 possit.
635 1492 745 1574 Itaque
763 1492 927 1571 (iustam,
951 1497 1068 1560 iehan-

108 1611 165 1672 nis‘
177 1609 351 1690 superbiam
360 1651 369 1681 ,
381 1625 489 1690 mam,
512 1619 548 1669 ut
564 1618 669 1684 antea,
690 1613 734 1673 ita
751 1611 892 1695 deinceps
909 1615 1000 1676 etiarn
1019 1613 1071 1698 (2)

109 1727 297 1800 declaravit,
336 1724 470 1787 molesta
500 1726 619 1801 fetens,
660 1727 743 1790 hunc
775 1749 881 1791 rernm
917 1753 1071 1795 sacrarum

108 1844 332 1908 emendationis
368 1845 574 1906 adversariam
611 1863 629 1904 e
660 1847 752 1907 terris
783 1846 847 1909 suis
882 1849 1074 1929 proscribere

108 1963 325 2026 mirabatur.
367 1962 472 2023 Facile
496 1962 577 2022 enin
606 1955 782 2036 intellexit,
805 1967 996 2044 quantopere·
1012 1962 1074 2024 ,tr-¹

109 2081 374 2162 chieepi'tccpnm
399 2079 475 2140 haec
502 2077 645 2157 superbia
669 2080 828 2154 incitaret,
852 2089 888 2140 nt
913 2081 1073 2143 Reforma-

109 2201 190 2262 ticni
207 2202 374 2262 resisteret.
417 2195 533 2273 Qnibm
551 2217 646 2277 quum
663 2199 823 2260 acceserst
848 2215 969 2273 rumor,
993 2217 1073 2261 nova

108 2316 419 2396 Archi-episcopum
444 2314 585 2376 meditari
611 2315 736 2378 consilia
768 2315 817 2378 ad'
838 2317 1072 2398 oppugnandam

109 2432 391 2506 Reicnnsticnem,
423 2433 488 2494 imo
513 2446 586 2492 vcro
612 2431 651 2491 ad
676 2436 833 2495 civitatem
868 2433 1071 2513 perdendam,

110 2551 265 2612 Gmtavur
280 2551 429 2612 Holmiam
445 2548 578 2609 condem
603 2548 742 2607 evocavit
768 2557 801 2606 et
827 2547 925 2608 donec
951 2563 1075 2610 causam

107 2669 329 2740 examinasset,
352 2673 387 2726 in
404 2665 573 2727 custodiam
600 2661 690 2724 illum
715 2665 810 2726 dedit.
854 2667 953 2742 Quum
972 2677 1075 2728 autem

107 2804 176 2846 non
194 2783 363 2856 inveniret,
388 2801 449 2865 quo
468 2785 541 2864 jnre
567 2784 739 2846 Johannem
763 2796 935 2859 accusaret,
959 2803 1072 2866 quum·

107 2920 176 2983 que
193 2900 243 2960 val
261 2901 305 2962 sic
322 2909 423 2962 tamen
440 2903 519 2966 utile
535 2903 677 2978 doceret,
701 2901 851 2984 dignitate
870 2903 956 2966 archi
966 2905 1073 2985 -epis·

109 3019 213 3102 oopali
231 3019 321 3080 illnm
338 3039 466 3098 exuere,
501 3025 642 3086 simulata
660 3021 698 3084 ad
716 3022 960 3104 sigismundum,
983 3023 1073 3086 Polc-

109 3144 183 3204 niae
208 3159 329 3220 regem,
361 3139 532 3222 legatione,
564 3143 665 3203 virum
701 3163 719 3202 e
755 3141 855 3222 patria
887 3143 981 3220 ejecit
1012 3140 1072 3223 (3).

113 3259 205 3336 Quod
228 3260 255 3318 si
271 3277 378 3320 verum
401 3261 459 3333 sit,
482 3260 541 3318 etsi
556 3258 595 3317 ad
611 3258 734 3317 felicem
750 3253 986 3318 Reformaticnis
1004 3277 1074 3317 suc-

112 3395 235 3439 cessum
251 3377 376 3455 egregie
392 3373 668 3445 accommodatum,
691 3371 741 3432 val
767 3375 811 3434 sic
828 3383 929 3434 oman
946 3375 980 3432 in
999 3371 1075 3432 Gus-

115 3495 182 3558 tavi
204 3493 353 3554 honorem
380 3491 487 3552 cadere
512 3491 631 3572 nequit.
673 3491 737 3551 Nec
766 3497 867 3552 tamen
892 3491 951 3552 hac
977 3489 1015 3550 de
1041 3509 1076 3552 rc

114 3621 205 3674 certo
222 3613 337 3674 certina
353 3611 552 3692 pronuntiare
567 3611 658 3683 licet,
679 3609 924 3692 quandoquidem
941 3609 995 3670 alii
1012 3607 1074 3670 his·

119 3729 213 3790 dorici
230 3728 280 3810 (it
302 3727 422 3790 Snecici
439 3737 581 3803 canant,
605 3737 714 3808 sponte
730 3747 802 3804 sna,
826 3727 996 3790 iohannem
1009 3746 1077 3790 mu·

159 3931 395 4003 (uttepesr.
483 3924 1038 3998 (niOlausCelsins,l.c.p.296.

157 4020 199 4088 (ὅ)
217 4037 244 4071 v.
268 4017 400 4082 Balio,
419 4017 438 4068 l.
454 4015 561 4080 ced,
582 4019 646 4088 §93
665 4014 776 4068 Olane
792 4013 936 4068 Celsius
956 4016 1056 4086 pdop.

162 4109 202 4178 (4)
222 4105 465 4169 Strinnhoim‚
492 4106 510 4156 Ι.
528 4121 552 4157 c.
565 4123 592 4174 p.
614 4103 674 4159 455.
