2668 4784
522 349 683 412 ...ομ

115 531 230 616 Νοιοοι
247 534 405 597 fidemnon
424 533 608 617 recipimus,
632 555 690 599 neo
716 532 913 596 defendimus.
956 531 1068 607 Quam·

113 653 245 732 primum
265 661 376 714 autem
401 655 660 733 opportunitatem
691 653 813 716 nacturi
841 653 948 721 simus,
978 646 1067 728 requi

114 769 271 843 Senatum,
294 789 444 832 unacum
462 772 534 832 viris
552 773 641 852 regni
657 771 771 846 doctis,
792 767 988 833 convocaturi
1012 783 1065 826 m·

110 907 192 962 mus,
217 898 254 950 ut
280 889 352 950 lites
379 889 447 950 illas
474 889 683 969 dijudicemus.
733 889 778 950 lle
806 906 879 948 vero
903 883 1064 965 ignoretis,

108 1006 293 1085 quibusnam
309 1007 444 1088 inprimis
467 1009 506 1071 de
522 1009 613 1070 rebus
630 1009 669 1071 lis
685 1012 835 1090 agitetur,
859 1005 962 1068 sciatis
978 1019 1067 1082 prae·

107 1123 214 1202 cipuas
231 1143 294 1186 esse
311 1129 501 1205 quaestiones
519 1127 559 1188 de
576 1130 778 1202 auctoritate,
796 1144 888 1206 ιῃιοιο
906 1123 996 1182 Pont.
1011 1119 1064 1190 tt,

106 1240 272 1322 ΕΡῐθθθΡί,
293 1246 470 1324 caeterique
498 1244 626 1319 Clerici,
656 1246 757 1307 adhuc
784 1245 818 1302 in
845 1241 949 1301 Laieos
976 1253 1067 1296 excr-

105 1379 199 1420 cuere
217 1401 246 1419 ..
259 1401 268 1418 .
280 1403 288 1420 .
301 1403 331 1423 .,.
353 1360 453 1440 deque
470 1361 688 1440 indulgentiis,
701 1378 796 1440 quae,
809 1358 881 1418 dum
899 1352 1064 1416 nundnert

99 1477 242 1556 jactant,
265 1489 302 1539 ut
320 1488 428 1542 eontra
447 1480 560 1540 Turcas
576 1499 713 1560 pugnare
729 1481 824 1561 possit
841 1479 1000 1552 Pontifex,
1013 1497 1064 1538 re.-

103 1599 180 1654 reia
196 1593 277 1655 hano
294 1596 502 1657 tantummodo
514 1596 558 1658 ob
574 1617 695 1659 cumam
712 1599 938 1672 nundinantur,
961 1597 1066 1658 uthao

101 1713 236 1792 pecunia
253 1713 434 1792 Imperatori
461 1715 599 1789 resistat,
624 1725 819 1797 caeterosque
845 1717 999 1798 principes
1025 1713 1065 1774 ad

102 1830 185 1890 bella
209 1849 311 1892 secum
338 1831 470 1892 invicem
487 1832 619 1896 meranda
635 1834 780 1894 sollicitet
802 1875 914 1893 ......
935 1831 994 1890 Ubi
1010 1849 1065 1890 ve-

101 1967 139 2008 ro
156 1949 219 2008 viri
235 1949 319 2010 docti
336 1949 445 2012 harum
468 1971 571 2012 rernm
587 1952 776 2012 mentionem
794 1950 941 2028 injiciunt
959 1957 991 2010 ct
1008 1969 1063 2009 cu-

100 2065 213 2145 piunt,
236 2075 272 2126 ut
288 2067 440 2130 Ecclesiae
457 2070 533 2130 vitia
560 2067 775 2141 emendentur,
800 2067 833 2126 in
860 2067 969 2128 malm
992 2085 1064 2146 per·

101 2193 165 2244 tem
185 2183 244 2246 hoc
260 2187 505 2266 interpretantur
529 2183 858 2257 Clerici,.affirmantes
883 2205 992 2247 noram
1014 2185 1064 2244 in·

98 2301 176 2362 duci
195 2301 302 2375 iidem,
327 2321 420 2382 quam
442 2301 607 2362 meditatur
624 2323 731 2365 nemo.
744 2347 751 2364 .
764 2347 794 2366 ..
837 2303 916 2364 llaec
933 2321 1007 2363 rere
1023 2321 1062 2361 u·

100 2427 187 2478 trum
200 2420 286 2498 justa
304 2420 381 2493 sint,
402 2421 461 2500 ipsi
475 2420 642 2498 judicetis”
665 2432 724 2481 etc.
747 2420 806 2503 (l).

144 2538 227 2612 Quae
245 2539 272 2598 si
290 2537 499 2609 attendamus,
521 2536 646 2613 egregie
671 2535 775 2594 valent
797 2534 835 2594 ad
854 2533 1060 2614 probandum,

99 2655 186 2736 quod
203 2673 296 2733 supra
312 2653 434 2723 monui,
453 2653 618 2712 Gustavum
636 2651 674 2710 iis
697 2669 784 2711 usum
803 2661 867 2715 esse
885 2651 924 2714 ad
952 2671 1063 2733 propa«

97 2771 232 2850 gandam
250 2769 507 2830 Reformationem
526 2769 820 2850 opportunitatibus,
842 2791 917 2851 quas
934 2772 1061 2833 incon·
1120 2773 1123 2778 '

99 2889 228 2950 uariam
244 2896 363 2968 partem
380 2887 524 2950 adhibere
551 2887 718 2949 voluissent
745 2888 978 2950 Reformationis
1005 2886 1059 2950 ad·

98 3007 236 3068 versarii.
279 3007 354 3068 llam
373 3027 442 3069 curn
462 3008 572 3070 Clerici
588 3006 672 3086 plebi
698 3007 879 3087 persuadere
910 3019 1062 3080 conatur·

99 3131 169 3198 tur,
193 3126 366 3206 antiquam,
399 3127 545 3208 illamque
573 3127 612 3187 ad
637 3125 765 3187 salutem
782 3127 996 3198 necessariam,
1020 3125 1062 3186 ii·-

99 3243 169 3302 dem
188 3239 344 3318 obrogari,
367 3243 426 3304 alia
444 3245 540 3322 ipsam
557 3243 661 3304 docuit
681 3248 845 3318 Gustarus,
869 3247 987 3306 cunctis
1004 3243 1060 3302 de·

98 3360 236 3431 claraus,
259 3358 443 3436 gravissimis
465 3359 629 3420 Ecclesiam
643 3362 793 3423 'laborare
817 3362 913 3420 vitiis.¹
953 3353 1061 3433 Quidt

99 3475 184 3556 quod
200 3495 273 3548 rex,
305 3476 399 3556 ipsius
421 3476 539 3556 judicio
566 3487 676 3540 cuncta
702 3479 909 3551 committeus,
932 3475 1059 3537 libente·¹

100 3605 166 3660 tem
190 3599 227 3658 iis
247 3595 412 3669 concessit,
445 3615 536 3676 qnam
563 3606 706 3678 tanquam
732 3597 828 3658 omnis
856 3594 1058 3660 Refmmatio-

99 3715 150 3774 nis
177 3713 407 3776 fundamentum
432 3713 638 3791 agnoscimus,
662 3714 701 3775 de
725 3713 875 3781 Ecclesiae
908 3712 1059 3774 conditio-

101 3853 142 3893 ne
161 3831 360 3912 disquirendi.
404 3830 554 3906 Quamdiu
576 3832 662 3898 Pont.
685 3835 769 3899 Rom.
791 3833 920 3908 decretis
937 3833 1055 3914 poenis-

106 3979 369 3998 uun—m*

136 4067 595 4146 (1)strinnh01u,t.e.ttt.
