2698 4792
514 383 618 446 ...⁴27
638 417 679 432 ..-

227 609 397 683 cussanus,
422 611 561 690 eaptioass
580 609 617 667 in
637 607 776 669 Hostiam
794 607 958 682 obductu,

394 726 466 788 hirto
487 727 632 809 deinceps
655 727 789 807 ausuqit.

144 925 209 986 Una
226 943 298 987 oum
314 926 383 988 viro
401 927 580 988 amieissimo
602 925 688 986 brevi
712 935 781 1006 post
808 925 957 987 Gustatus
975 943 1060 1006 epr-

97 1042 161 1102 trin
181 1042 322 1121 captivus
338 1043 371 1101 in
388 1041 512 1104 lianiam
531 1043 747 1104 abduoehatur.
790 1043 955 1116 Nimirum,
977 1051 1063 1124 post·

94 1179 197 1240 quam
215 1159 348 1220 Johanni
366 1161 399 1220 in
413 1159 509 1223 itania
527 1173 710 1224 suooesserat
720 1163 910 1224 Christianus
920 1161 971 1232 11,
994 1159 1060 1231 hio,

93 1279 186 1357 qnod
202 1281 316 1344 frustra
325 1293 496 1344 tentaverat
505 1281 574 1353 ille,
588 1281 726 1342 Sueriam
744 1280 803 1340 sibi
819 1279 970 1357 subjicere
983 1295 1063 1358 quo·

93 1415 226 1476 nonque
253 1399 345 1460 modo
371 1409 497 1458 conatus
539 1407 595 1457 est.
657 1396 799 1458 Attamen
835 1405 897 1457 tam
929 1393 1063 1458 infausto

91 1533 197 1600 propa
222 1513 377 1574 linirenris
404 1522 437 1572 et
464 1513 664 1592 Briuhyrkan
707 1515 855 1594 pugnavit
890 1514 992 1587 exitu,
1024 1521 1062 1576 nt

90 1641 225 1694 eoactus
243 1630 339 1692 fuerit
366 1630 405 1690 de
423 1649 582 1710 paeonum
601 1631 703 1692 sturio
721 1649 821 1710 agere.
864 1631 999 1705 iccirco,
1022 1639 1061 1692 nt

92 1759 169 1810 tuto
195 1749 261 1830 ipse
289 1749 474 1809 Christianus
501 1747 648 1810 Halmium
673 1749 826 1830 profluisoi
853 1759 972 1829 posset,
996 1748 1062 1812 dati

91 1864 225 1926 fuerunt
242 1867 368 1928 obsides.
392 1869 472 1942 Quos
489 1875 648 1947 postquam
667 1867 889 1946 interceperat,
911 1884 976 1926 non
991 1875 1060 1926 tan·

92 1995 163 2042 tum
172 2001 236 2043 non
253 1981 407 2062 proiectus
422 1990 468 2041 est
485 2001 558 2059 rer;
580 1983 632 2043 sed
650 2003 691 2044 ne
708 1983 809 2044 datam
828 1983 953 2063 quidem
971 1981 1061 2044 fldem

92 2101 248 2174 serravit,
272 2099 401 2176 obsides,
423 2101 577 2182 inquibus
587 2101 808 2180 hemmingium
827 2109 859 2160 et
876 2101 1058 2172 (iustarum.

92 2219 232 2299 eaptiros
250 2219 284 2280 in
302 2219 428 2280 ltaniam
447 2219 598 2279 abduoens
620 2215 678 2300 (1).
702 2219 740 2278 In
760 2237 820 2298 qua
835 2218 977 2298 regione,
1000 2219 1059 2279 etsi

92 2334 247 2395 Gustatus
274 2336 370 2395 amieo
397 2344 582 2396 tractaretur
607 2334 646 2397 ab
662 2333 750 2396 Erico
767 2333 864 2395 Bauer
881 2332 948 2414 (2),
972 2336 1060 2413 cujus

92 2451 290 2514 custodissa
308 2471 381 2532 rege
409 2454 539 2514 traditus
568 2453 686 2527 fuerat,
709 2452 760 2511 vel
777 2453 821 2511 sio
847 2460 949 2510 tamen
966 2451 1061 2510 vitam

93 2569 226 2650 degebat
235 2571 444 2632 miserrimam.
487 2571 676 2630 Christianus
694 2567 795 2640 enim,
812 2566 929 2626 beilum
946 2565 1056 2626 adver·

93 2708 146 2748 sus
164 2688 276 2748 Sueuos
297 2687 463 2759 meditans,
488 2686 589 2765 copias
616 2684 754 2765 undique
772 2684 830 2746 sibi
848 2685 1056 2766 conparatio

92 2816 126 2866 st
155 2806 218 2881 jam
244 2822 326 2863 nune
362 2801 401 2861 de
429 2801 573 2878 victoria,
607 2823 698 2884 quam
724 2804 911 2884 reportaturi
937 2813 1056 2876 meent,

93 2918 309 3000 gloriabantur
334 2918 421 2980 Dani.
465 2919 552 2994 Quod
569 2939 664 3002 quum
682 2923 822 3000 inprimis
848 2923 986 2985 iacerent
1004 2925 1058 3003 jn·

94 3057 186 3100 renes
203 3037 384 3112 nobiliores,
408 3039 518 3100 Boneri
537 3039 638 3100 aulam
667 3038 916 3119 smqusntantes,
940 3043 1057 3123 quippe

96 3158 151 3236 qui
168 3157 271 3216 dicere
288 3155 442 3216 solebant:
469 3173 554 3214 auor
575 3177 607 3214 ss
634 3157 712 3216 vello
731 3177 802 3216 oum
822 3159 932 3220 Sasonis
951 3159 1058 3219 iudum

100 3275 150 3334 Sd.
173 3273 264 3334 Patri
291 3273 396 3332 ludere
421 3271 489 3352 (3),
520 3271 596 3350 quid
625 3275 736 3333 mirum
763 3276 928 3335 Gruterum
954 3275 1058 3356 iugum

131 3511 171 3580 (r)
193 3509 272 3562 Plora
290 3506 339 3560 hac
362 3506 396 3558 de
420 3525 449 3560 rs
468 3509 582 3577 apndv.
607 3505 720 3561 Datin
744 3507 780 3563 'tt
805 3508 855 3574 ΙΙ,
876 3525 900 3561 o.
919 3511 1000 3579 πως
1018 3509 1059 3564 16·

97 3617 122 3651 r.
139 3597 289 3664 Geijar,
310 3598 327 3648 Ι.
345 3612 410 3662 e0p·
427 3614 452 3668 7·
487 3596 599 3650 Olaus
621 3595 821 3649 celsiur't'.
838 3596 868 3660 l,
887 3614 913 3664 p·
927 3596 972 3650 56.

130 3690 171 3754 (α)
191 3685 259 3736 Huic
279 3683 349 3736 enim
370 3683 430 3735 viro
454 3686 679 3753 consanguinitatis
698 3683 803 3739 vinonio
826 3687 932 3756 junctus
950 3689 1016 3738 erat.
1031 3699 1059 3740 v·

98 3775 204 3826 Driin
221 3771 257 3827 T.
275 3771 341 3836 ΙΙΙ,
363 3789 440 3835 ot,
468 3775 526 3842 §ln
561 3773 719 3840 Frijxetl
744 3773 809 3826 αὖ,
827 3792 853 3842 p.
869 3773 896 3825 6.

131 3863 170 3936 (3)
192 3861 307 3930 Ajebant
321 3861 367 3913 hi:
387 3878 403 3910 n
421 3870 467 3912 att
485 3861 520 3912 de
543 3879 583 3912 nu
607 3865 671 3915 med
695 3837 877 3916 monitante
898 3858 971 3913 ville
988 3857 1056 3915 leka
1164 3897 1172 3906 -

102 3959 200 4007 δοκεῖ.
224 3953 328 4001 Patere
352 3949 432 4004 lek.”
469 3951 542 4002 lotor
562 3970 652 4005 causas
675 3953 764 4015 euim,
783 3950 878 4018 quibus
894 3947 1056 4006 Christianus

98 4041 231 4094 inductum
250 4056 277 4090 se
296 4057 348 4092 esse
363 4037 497 4108 perhibuit
519 4038 551 4090 od
577 4041 674 4095 bellum
694 4035 816 4092 adversus
839 4038 937 4092 Succos
961 4059 1056 4110 gem.

99 4133 176 4194 donn,
197 4128 260 4180 hare
280 4135 352 4194 arnt,
379 4137 408 4182 ut
428 4131 454 4184 ri
470 4130 760 4195 excommnniertionir,
779 4145 830 4196 qua
846 4125 966 4182 Sturium
978 4127 1059 4184 attos-
