2668 4784
618 343 800 404 -102-

242 533 366 594 illorum
390 531 464 610 jura
490 490 680 592 oouiirmavit
704 548 768 590 non
793 531 931 604 tantum3
953 527 1008 588 sed
1035 537 1069 590 et
1092 530 1199 590 auxit:

247 647 309 708 imo
334 665 410 710 vero
426 668 509 729 spem
528 649 566 710 iis
582 647 675 720 feeit,
697 647 780 720 iore,
803 653 840 705 ut
863 643 1045 724 aliquando,
1077 645 1205 708 admissa

247 765 490 840 deformatione,
512 775 728 845 recuperarent
745 775 859 839 terras,
871 765 983 846 quibus
991 765 1115 828 illorum
1128 787 1206 848 pre·

250 886 301 948 avi
318 887 477 948 Eeelesium
493 884 689 947 donaverant.
731 885 806 946 Nam
824 904 919 965 quum
936 884 1122 957 interillos,
1146 885 1207 965 qui

249 1002 460 1068 donationibus
485 1003 635 1082 propitios
656 1002 808 1064 Eeelesiue
828 1021 862 1064 se
888 1001 1107 1075 exhibuerant,
1130 1001 1208 1064 Sten

252 1124 342 1186 sture
358 1121 396 1180 δ’.
419 1119 541 1196 inisset,
564 1121 748 1183 monasterio
766 1119 1062 1200 Grypbisbolmensi,
1085 1120 1126 1182 ab
1142 1121 1211 1200 ipse

252 1235 390 1310 euuditn,
414 1238 526 1300 multas
552 1238 720 1300 eouoedeus
747 1247 860 1312 terras,
893 1237 948 1298 bas
972 1237 1120 1298 umerus
1149 1237 1212 1300 bae

252 1355 484 1434 opportunitate
513 1355 707 1418 abionenbis
732 1355 950 1438 expostulavit,
981 1357 1093 1436 qnippe
1127 1372 1214 1438 quae
1331 1355 1332 1358 ’

249 1469 339 1534 Erioo
357 1473 532 1547 Johnnson,
555 1475 680 1536 Gustavi
706 1477 805 1554 petri,
837 1475 869 1536 vi
895 1475 997 1555 legum
1025 1477 1210 1549 Sueearum,

251 1586 359 1656 eedere
376 1589 561 1652 debuissent.
603 1591 731 1652 Senatus
748 1602 850 1652 autem
867 1595 974 1672 regni,
998 1595 1124 1656 Gustavi
1137 1594 1214 1672 jura

252 1725 437 1786 sffuoeeens,
458 1707 537 1766 viam
554 1708 692 1784 aperuit,
716 1719 827 1787 quaet
853 1711 906 1772 alii
929 1712 1073 1792 progredi
1090 1721 1215 1792 possent

256 1824 297 1888 ud
313 1845 494 1906 proavorum
516 1832 611 1884 terras
639 1825 698 1884 sibi
717 1829 949 1907 recuperandae.
992 1832 1076 1905 Quae
1101 1851 1148 1891 res
1172 1849 1214 1892 eo

257 1945 403 2026 majorem
419 1943 480 2001 vim
496 1940 609 2002 habere
626 1943 749 2022 potnit,
772 1963 836 2023 quo
852 1948 947 2024 magis
965 1947 1140 2026 hujusmodi
1155 1947 1214 2008 do-

257 2065 395 2126 nationes
412 2069 473 2122 tam
490 2059 615 2124 crebrae
631 2061 773 2135 fueraut,
790 2072 826 2122 ut
840 2063 930 2122 multi
946 2065 1067 2127 nobiles
1085 2066 1123 2127 ad
1136 2083 1215 2146 pau·

257 2183 373 2262 periem
391 2177 457 2240 fere
476 2179 601 2241 adducti
619 2181 758 2245 fuissent.
1332 2257 1333 2266 χ

297 2296 377 2356 lium
393 2315 466 2357 vero
489 2298 654 2369 Gustavus,
677 2297 716 2358 ad
739 2297 860 2377 singula
885 2296 1060 2371 attendens,
1085 2299 1220 2360 Clericus
1332 2337 1333 2354 η

262 2413 451 2494 refragantes
478 2415 564 2476 varie
590 2415 680 2478 modo
707 2417 740 2476 vi
768 2416 807 2478 ad
841 2415 1089 2495 oppugnandam.
1106 2417 1221 2480 Reior-

261 2535 424 2596 mationem
453 2555 516 2597 non
543 2535 641 2598 solum
659 2535 810 2617 privarit,
842 2550 946 2594 verum
973 2533 1066 2592 etiam
1088 2535 1222 2596 illorum

262 2657 389 2710 conatus
414 2651 448 2712 in
465 2651 699 2716 deformationis
716 2652 906 2718 commodum
922 2651 1017 2712 vertit
1033 2659 1065 2710 et
1077 2659 1224 2730 praeter-

265 2785 302 2828 ea
317 2765 392 2842 hos,
415 2788 513 2850 aeque
530 2790 565 2832 ae
582 2769 702 2843 Laieos,
730 2771 922 2850 praeparavit
947 2769 1103 2830 adrerum
1119 2787 1224 2832 saera·

262 2903 332 2946 rum
351 2889 595 2952 emendationem
611 2889 833 2970 accipiendam,
856 2889 889 2948 in
907 2887 1100 2948 reformanda
1114 2885 1223 2948 Eeele-

263 3003 307 3066 eia
333 3009 482 3083 processit
509 3017 542 3068 et
568 3007 656 3070 brevi
682 3008 716 3066 iu
744 3005 876 3067 eomitiis
901 3005 1110 3066 Areeieneibus
1137 3003 1225 3064 illam

264 3123 434 3184 eonstitnit.
477 3124 592 3198 Quibus
611 3133 712 3184 autem
730 3122 769 3184 de
785 3121 916 3183 comitiis
933 3132 1115 3202 anteaquam
1131 3141 1224 3202 agere

265 3241 425 3321 iunipiam,
454 3242 515 3304 elia
543 3242 668 3305 Gustavi
694 3241 851 3304 conamina
876 3239 915 3302 ad
940 3239 1133 3302 resumenda
1161 3259 1217 3315 ea,

269 3359 397 3440 quaein
419 3358 555 3424 Eeolesia
571 3362 734 3442 depravata
752 3359 893 3432 fuerant,
916 3359 1100 3422 recensenda
1117 3368 1199 3421 sunt.

369 3595 524 3656 Gestatus
543 3596 581 3658 ist
599 3617 704 3658 rerem
720 3618 880 3661 sacrarum
898 3601 1129 3673 emendatione,

561 3713 694 3774 alterius
712 3717 919 3796 propreds'tssr.

308 3949 444 4010 Primum
461 3967 531 4010 saue
544 3945 596 4010 hie
611 3947 712 4008 locum
729 3948 882 4012 obtineret
901 3949 1025 4010 Gustavi
1045 3950 1083 4012 de
1101 3953 1130 4013 S.
1148 3951 1217 4014 God.

271 4067 406 4131 versione
435 4089 524 4145 eura,
565 4069 590 4129 ai
626 4066 697 4128 satis
731 4069 824 4132 certis
856 4067 1008 4130 niteretur
1036 4070 1220 4149 argumentis
