2690 4790
633 367 816 428 -102-

249 553 360 628 veude,
392 555 512 616 monuit
537 557 572 614 in
598 552 729 616 comitiis
755 549 963 612 Arosicrsibue
992 546 1105 629 (latit
1123 547 1207 630 ’(Ι)“,

247 691 388 754 qunque
403 671 444 734 de
461 673 527 734 rite
545 691 614 734 vere
631 670 803 734 Christiane
819 669 910 730 variis
923 667 1219 748 opportunitatibud·

245 789 358 850 amicos
375 799 407 852 et
424 809 534 870 pueros
550 787 656 850 docuit
675 785 735 869 (2).

287 903 404 968 lorum
419 915 522 968 autem
539 904 779 968 emendationem
793 903 877 984 quod
894 903 1022 978 attinet,
1046 901 1128 964 bauo
1143 921 1211 964 uon

246 1021 337 1086 modo
353 1042 390 1084 eo
406 1025 526 1086 currit
543 1023 708 1095 omnm,
731 1020 816 1102 quod
841 1019 1011 1082 aboleverit
1037 1019 1207 1093 nonnulis,

246 1141 328 1204 ritae
344 1141 516 1220 integritati
541 1141 697 1222 opposita,
719 1140 841 1219 elinque
863 1138 1037 1199 instituerit
1062 1137 1102 1198 ud
1129 1137 1213 1198 beno

246 1257 481 1340 presumendum
499 1258 621 1338 egregie
639 1256 881 1330 tocemmodata,
903 1274 1010 1316 verum
1018 1253 1144 1314 eandm
1153 1254 1212 1316 de·

245 1376 338 1436 eretis
365 1374 615 1455 montibusque
639 1375 872 1448 Ecclesiasticis,
905 1391 1003 1453 neque
1029 1371 1208 1443 debuitne,

245 1511 339 1571 quam
356 1495 527 1574 saepissiun
545 1493 777 1556 commendavit.
822 1491 860 1552 Et
885 1491 911 1550 si
936 1489 987 1550 vol
1008 1489 1213 1552 Thomaei

246 1607 470 1684 testimouium,
495 1611 655 1672 scribentis
682 1609 750 1691 (3)=
774 1611 951 1670 »virtutem
969 1627 1043 1668 rere
1061 1605 1212 1668 Christia-

245 1743 332 1800 naut,
354 1743 390 1788 nc
406 1735 511 1798 aum,
534 1729 718 1788 rarissimam
735 1725 871 1800 fuisse,''
894 1725 1066 1797 verumsit,
1088 1724 1211 1784 iocus-

246 1845 310 1906 tavi
329 1844 584 1924 vituperationem
599 1843 660 1904 hoe
676 1843 786 1904 cedere
803 1863 866 1904 unu
883 1851 1001 1922 potest,
1020 1841 1136 1922 quippe
1148 1843 1210 1922 'qui

246 1964 381 2042 optima,
403 1982 464 2042 que
480 1963 599 2043 potuit,
622 1961 755 2032 ratione,
788 1959 908 2022 efficere
934 1968 1062 2020 conatus
1087 1969 1149 2034 ert,
1172 1970 1210 2022 ut

245 2080 304 2160 ipsi
323 2079 481 2142 studerent
501 2080 616 2140 cuncti.

286 2197 404 2271 Quibus
420 2215 516 2275 quum
535 2197 606 2258 satis
632 2214 784 2276 superque
800 2195 964 2276 probatur,
990 2199 1120 2260 Gantavo
1148 2197 1207 2258 Eo·

245 2312 354 2374 olesiae
371 2312 499 2374 {ormam
515 2321 673 2372 externam
690 2321 723 2371 et
739 2312 893 2374 internam
919 2313 1124 2376 conditionem
1150 2333 1206 2376 eu·

246 2449 299 2491 rae
312 2429 404 2490 inisse
421 2429 585 2510 cordique,
608 2440 794 2509 superesset,
814 2440 851 2489 ut
869 2429 1091 2506 indicaremus,
1110 2435 1208 2514 ipsum

245 2547 410 2610 Ecclesiam
436 2567 454 2607 e
481 2547 638 2608 doctrinae
664 2547 853 2608 Christianae
877 2559 981 2608 mente
1016 2550 1205 2624 emendasse,

245 2667 403 2746 quomapis
419 2674 579 2746 appareret
597 2663 749 2726 Ecclesiae
772 2665 971 2726 Christianae
990 2667 1207 2730 Reformatcris

245 2784 369 2844 nomine
400 2782 528 2862 dignm
562 2781 651 2841 illum
677 2803 750 2844 esse.
792 2783 906 2843 Verum
933 2803 1027 2865 quum
1052 2805 1104 2860 ea,
1132 2806 1210 2866 quae

247 2901 394 2981 perfecit,
416 2900 575 2960 universae
597 2899 816 2962 deformatioui
833 2901 983 2962 Ecclesiae
1000 2901 1206 2976 Christianae,

246 3037 325 3098 quae
353 3037 431 3080 saec.
462 3019 530 3077 XVI
559 3018 710 3090 obtinuit,
743 3019 787 3078 ita
822 3021 945 3098 propria
983 3019 1044 3082 diei
1071 3020 1206 3100 possint,

245 3145 299 3210 ut,
322 3135 377 3215 qui
396 3132 648 3230 deuroustruvcrit
672 3131 758 3192 illam
784 3136 947 3196 convenire
964 3137 1063 3198 indoli
1079 3137 1207 3214 religio-

245 3255 295 3318 nis
314 3253 518 3326 Christiauae,
541 3249 621 3312 idem
648 3249 686 3311 de
704 3250 854 3314 Ecclesiae
882 3253 1024 3316 Sueoioae
1050 3254 1209 3316 Reforma-

247 3371 331 3436 ti'oue
348 3371 566 3434 demonstrasse
589 3370 757 3460 censendus
784 3381 847 3445 cst,
870 3371 923 3434 hic
949 3354 1106 3452 repetere,
1130 3391 1211 3452 quae

246 3487 584 3559 abalienantibus,
614 3487 871 3550 Reformationem
899 3489 939 3550 ab
967 3489 1212 3551 adversariorum

244 3610 362 3690 impetu
381 3605 625 3677 vindicantibus,
648 3604 731 3666 dicta
748 3616 837 3680 sunt,
858 3607 1034 3668 nonbibet.
1058 3607 1212 3681 Quocirca

245 3727 374 3790 sufficiat
399 3725 438 3786 ad
463 3725 587 3786 illorum
614 3725 745 3803 scripta,
778 3741 858 3802 quac
876 3741 985 3802 mmo
1004 3743 1132 3786 numero
1152 3747 1211 3787 ex-

244 3847 343 3916 stant,
355 3840 504 3921 delegare.
527 3837 652 3918 Singula
670 3848 772 3900 autem
788 3842 815 3904 si
832 3841 1067 3922 conjungamus,
1084 3843 1211 3908 nullutn

277 4079 316 4152 (ι)
335 4073 421 4146 Supra
436 4077 573 4149 pag..159.
642 4075 681 4150 (a)
703 4075 791 4147 Supra
809 4075 877 4135 ibid.
944 4074 983 4147 (5)
1005 4079 1023 4130 Ι.
1038 4095 1063 4134 o·
