2690 4790
634 351 815 412 ..1oe-

255 547 287 600 te
305 535 451 618 explicari
468 555 571 618 pune.
593 555 686 618 quum
698 537 957 620 disquisivsrimus
973 547 1007 600 et
1023 541 1064 600 de
1081 539 1212 603 diffieul-

255 657 385 730 tatibus,
408 656 591 738 quibuscum
617 655 750 718 ummo
773 657 970 736 pugnandum
986 657 1100 733 suerit,
1121 669 1154 720 et
1174 656 1214 722 de

253 775 386 850 satione,
407 793 469 856 qus
482 774 591 836 hurum
608 774 671 836 vim
688 772 831 854 inungere
837 775 879 836 sit
888 784 1023 838 uenatus.
1066 778 1215 854 Qnoeimu

253 893 291 956 de
307 893 357 956 his
372 891 537 956 videamus.

345 1130 501 1192 Gustum
522 1147 628 1190 rmus
647 1145 808 1190 seersum
828 1127 1074 1188 sstssduts’ossss
1093 1127 1133 1186 ab

445 1245 693 1308 asseruerimus
712 1245 830 1326 impetu
849 1243 1033 1306 vindicavit.

298 1479 435 1554 Qusude
447 1481 599 1544 societatis
613 1481 802 1544 christianae
820 1480 854 1542 in
877 1479 984 1540 Sueniu
1007 1473 1217 1540 emendatione

259 1597 436 1658 nCumitiis
462 1598 535 1660 iude
561 1599 772 1660 Asosiensibus
798 1597 947 1670 diximus,
978 1597 1023 1657 itu
1046 1605 1220 1676 sumpsi-utu

257 1721 346 1786 sunt,
369 1721 422 1786 nt,
445 1714 564 1774 ustione
581 1715 687 1778 habitu
704 1725 867 1780 uunsnsmn
882 1714 1087 1788 clerieorum,
1109 1713 1217 1776 Reior-

257 1830 398 1892 mntiouis
420 1829 675 1905 adversariorum,
708 1853 786 1912 quos
812 1843 900 1894 untes
925 1831 1086 1892 observare
1111 1831 1215 1902 licuit,

258 1967 323 2012 uuu
339 1950 502 2022 miremur,
525 1968 608 2010 uuue
625 1948 717 2010 etium
733 1968 836 2010 rerum
852 1969 1006 2010 saevarum
1022 1949 1219 2009 iustsurutiu·

260 2085 332 2126 nem
350 2066 463 2128 multus
485 2085 598 2146 eosque
615 2067 778 2128 seemimos
794 2066 980 2126 adversarios
1008 2075 1130 2128 uentum
1148 2085 1219 2126 esse

262 2187 322 2262 Qui
338 2207 434 2266 quum
449 2187 513 2246 sive
526 2185 626 2257 Luiei,
638 2185 702 2244 sive
711 2184 930 2256 Ecclesiastiei,
943 2194 1058 2256 essent,
1075 2183 1114 2242 de
1132 2193 1220 2244 utro-

259 2321 390 2383 :umque
408 2301 614 2362 moliminibus
632 2299 783 2382 agendum
797 2309 858 2372 est,
878 2298 969 2360 simul
985 2317 1059 2362 vere
1083 2299 1220 2360 animad-

260 2429 415 2481 vertamus
457 2438 578 2480 neensse
612 2425 659 2478 est
694 2417 847 2498 pericula,
890 2437 969 2498 quae
1003 2418 1224 2482 Reformatiuni

262 2539 407 2602 Sueeieuu
424 2541 611 2602 extrinsecus
628 2535 837 2600 imminebunt.
879 2535 944 2610 Qua
962 2545 1063 2596 tumen
1082 2537 1116 2596 in
1132 2557 1168 2596 re
1181 2538 1226 2598 itu

263 2657 489 2736 procedendum
512 2658 650 2732 videtur,
671 2629 711 2718 'ut
737 2655 866 2736 singulis
891 2655 938 2714 his
965 2656 1089 2718 Gustuvi
1116 2656 1226 2736 agendi

264 2775 414 2836 ustionem
442 2793 640 2855 apponamus,
671 2783 765 2854 utque
792 2791 991 2852 exponamus,
1013 2792 1076 2852 quo
1103 2775 1227 2834 nomine
1329 2779 1330 2786 ’

261 2891 339 2954 haee
357 2891 506 2953 laudande
524 2891 637 2965 fuerit,
661 2891 711 2952 vel
731 2899 764 2952 et
781 2889 991 2971 vituperanda.
1035 2889 1148 2964 Quodsi
1165 2893 1225 2972 igi-

263 3018 316 3070 tur
338 3009 493 3070 audiemus
521 3011 609 3088 regni
627 3010 787 3080 Senatum,
807 3018 987 3087 querentem
1013 3007 1062 3090 (1)
1090 3009 1128 3068 de
1146 3010 1225 3070 Gus-

262 3127 326 3187 tuvi
343 3128 377 3185 iu
395 3123 593 3203 exsequendis
611 3122 741 3184 deeretis
756 3123 965 3184 Arusieusibus
980 3125 1148 3186 constantia
1165 3124 1222 3186 de·

263 3265 325 3327 que
341 3244 407 3318 his,
439 3241 522 3324 quod
549 3240 687 3303 Munuehi
706 3253 738 3305 et
756 3243 897 3306 Moniules
921 3253 983 3304 tum
1011 3245 1108 3304 libere
1123 3263 1142 3304 a
1157 3243 1222 3304 vita

263 3365 429 3426 monastica
454 3362 634 3424 desisterent
651 3371 683 3424 et
697 3365 796 3426 uernis
813 3363 863 3424 die
879 3362 1005 3424 Veneris
1021 3382 1094 3422 usus
1110 3361 1221 3422 admit-

263 3489 397 3556 teretur,
429 3482 541 3542 mirum
575 3499 646 3542 sane
670 3499 733 3543 uon
759 3481 885 3552 accidit,
917 3489 1050 3541 caeteros
1084 3480 1220 3540 subditus

264 3619 355 3681 quum
373 3603 542 3681 saepissime
560 3621 644 3662 arma
661 3599 799 3660 sumsisse
816 3595 854 3656 ad
871 3597 1065 3660 vindicandus
1079 3599 1220 3680 antiques

263 3718 505 3782 eonsuetudines.
568 3718 687 3778 Etenim
721 3714 808 3776 brevi
840 3713 892 3776 hio
924 3715 992 3778 illie
1027 3718 1220 3798 gravissimae

255 3883 520 3905 *ια-ι...-

296 3998 337 4066 (ι)
356 3993 709 4066 IncomitiisUpseliensibns
728 3995 839 4066 (1528),
858 3997 971 4052 Olsus
988 3993 1135 4052 Celsius
1150 3999 1218 4054 Tm.

260 4082 359 4156 quiq&
395 4079 866 4154 strinnhntmT.11‚p.521.
