2690 4790
511 363 692 426 -rot-

119 549 153 609 in
170 549 293 610 illorum
308 552 434 614 crimina
452 551 512 613 rite
527 550 829 612 animadverteretur.
846 549 987 612 ¹lionacbi
1000 549 1067 612 'non

117 675 236 728 tantum
251 668 357 730 abhoc
369 668 488 748 judicio
503 669 594 733 liberi
607 667 747 742 lucrant,
758 663 812 729 sod
824 666 948 728 illorum
954 668 1063 742 multi,

114 785 290 846 exemtionis
315 787 477 867 privilegio
503 787 682 868 gaudentes,
714 807 755 847 nc
781 785 920 867 Episcopi
946 785 1068 864 quidem

108 903 228 981 judicio
246 905 391 965 suberant
412 902 470 986 (l).
511 905 812 986 Disciplinarum,
836 923 927 984 quam
947 903 981 962 in
999 901 1066 962 Lai·

110 1039 162 1080 cos
189 1021 372 1082 exercebant
398 1021 521 1096 Clerici,
554 1022 703 1102 ejusmodi
726 1023 843 1095 fuerat,
874 1031 911 1082 ιιι
935 1019 1069 1102 pcccatis

108 1138 214 1216 potius
238 1138 354 1213 favere,
375 1159 468 1220 quam
484 1140 641 1212 resistere,
663 1139 790 1202 dicenda
807 1147 863 1200 est.
905 1139 1068 1218 Postquam

107 1271 184 1315 vero
201 1256 387 1318 clericorum
404 1255 554 1334 ajudicio
574 1257 661 1317 civili
686 1256 909 1316 immunitatem
935 1253 1068 1316 sustule-

107 1379 156 1432 rat
175 1373 342 1444 Gustavns,
366 1381 398 1431 ct
422 1371 580 1432 decretum
603 1373 705 1434 iuerat
721 1373 755 1434 in
773 1371 903 1434 concilio
918 1371 1066 1434 0erebro·

106 1489 193 1560 ensi,
225 1485 385 1550 benachus
411 1488 531 1549 subesse
557 1492 740 1572 inspectioni
761 1493 901 1575 Episcopi
925 1491 986 1553 loci
1014 1487 1064 1572 (2)

105 1605 312 1685 gravioraque
334 1605 492 1667 Laicorum
517 1607 630 1670 delicta
655 1608 866 1688 adjudicium
892 1608 983 1670 civile
1009 1608 1064 1668 de·

106 1719 209 1798 legari
225 1720 417 1800 inceperant,
440 1722 516 1783 haec
533 1743 596 1786 non
611 1735 775 1806 potuerant
790 1745 854 1786 non
870 1727 995 1804 egregie
1011 1743 1066 1786 va·

105 1837 173 1898 lere
191 1838 230 1898 ad
247 1839 465 1900 emendandam
481 1841 645 1903 multorum
662 1844 766 1904 vitam.

148 1955 231 2018 llaec
246 1966 362 2031 autem,
386 1957 520 2038 quaeda
543 1959 693 2030 Gustavo,
713 1954 906 2016 subditorum
921 1955 1067 2016 etas-udi·

107 2073 225 2132 tionem
243 2083 274 2134 et
293 2075 373 2135 vitae
389 2075 600 2153 integritatem
614 2082 754 2146 curante,
767 2071 915 2166 dirimas,
936 2073 1071 2136 efficiant

106 2209 231 2252 necesse
246 2201 308 2266 est,
332 2201 369 2250 ut
385 2191 509 2268 majoris
530 2189 620 2249 illum
646 2190 846 2253 aestimemus.
887 2191 980 2266 rtsm,
1008 2193 1069 2252 nisi

106 2307 184 2368 alios
211 2307 272 2366 viri
298 2305 489 2366 celeberrimi
516 2325 761 2386 cognosceremus
790 2307 827 2369 ad
851 2309 1068 2371 emendandam

105 2424 273 2484 Ecclesiam
301 2431 426 2484 conatus
435 2469 444 2498 ,
471 2434 593 2504 praeter
617 2426 706 2500 illos,
729 2427 785 2504 qui
799 2425 944 2503 Regimen
960 2425 1065 2486 Eccle-

106 2543 264 2604 siasticum
290 2554 483 2624 spectarunt,
515 2543 606 2604 facile
624 2544 658 2602 in
683 2543 732 2601 his
758 2551 994 2620 agnosceremus
1014 2562 1066 2602 re·

106 2679 195 2738 gem,
219 2659 353 2738 politicis
371 2661 462 2722 unice
480 2660 587 2720 studiis
612 2659 670 2720 hac
687 2661 721 2719 in
737 2679 772 2719 rc
788 2659 924 2721 ductum.
967 2659 1067 2734 Quum

106 2795 182 2836 vcro
200 2793 237 2836 ea
254 2777 346 2836 etiam
372 2777 539 2852 curaverit,
563 2796 642 2858 quae
667 2777 790 2838 maximi
815 2796 933 2857 semper
954 2778 988 2836 in
1005 2779 1066 2839 lle·

108 2892 293 2955 formatione
309 2892 414 2953 habita
430 2903 502 2954 sunt
518 2896 679 2969 momenti,
704 2895 944 2956 Christianorum
962 2895 1066 2956 erudi·

110 3013 226 3077 tionem
242 3028 414 3090 moresque,
437 3031 499 3072 non
513 3013 687 3074 dubitamus
698 3013 781 3072 inter
797 3011 948 3074 Ecclesiae
962 3014 1065 3076 Chris-

110 3130 211 3190 tianae
227 3147 306 3190 sacc.
327 3129 395 3188 XVI
415 3130 639 3192 Reformatores
656 3133 821 3193 Gustavum
838 3132 930 3191 etiam
956 3151 1064 3193 recan-

108 3267 188 3323 scre.
230 3247 296 3304 Non
314 3247 396 3304 enim
412 3247 503 3306 lacilc
517 3248 585 3323 quis
600 3265 638 3304 cx
665 3246 715 3304 his
739 3245 948 3304 conaminibus
973 3264 1065 3323 argu-

107 3372 249 3426 mentum
259 3379 405 3442 quaerere
420 3361 534 3440 poterit
548 3360 587 3420 ad
602 3357 791 3439 probandum
812 3359 990 3433 Gmtavum,
1008 3361 1065 3422 llc·

109 3483 235 3545 alesiam
251 3477 477 3552 emendantem,
509 3476 659 3538 bonorum
673 3477 959 3538 'Ecclesiasticorum
987 3478 1066 3538 desi-

111 3602 197 3662 derio
214 3599 341 3666 ductum
358 3597 459 3658 luisse
490 3597 603 3670 Quodsi
620 3615 693 3657 vero
710 3597 779 3677 quis
797 3597 977 3658 sententiam
995 3605 1064 3656 tue-

112 3722 142 3780 ri
157 3720 266 3792 vellet,
288 3737 357 3778 eum
373 3715 507 3797 politicis
523 3715 630 3776 studiis
648 3713 741 3776 luisse
758 3716 936 3790 incitatum,
948 3721 1064 3778 nonest

111 3887 383 3907 *-

151 3981 190 4048 (r)
209 3977 454 4045 Lagerbring,
474 3977 492 4027 l.
510 3991 533 4029 c.
547 3971 581 4030 Τ.
600 3973 649 4042 11,
667 3991 690 4028 c.
710 3975 759 4040 14,
779 3977 794 4044 p
814 3977 853 4027 18.

152 4069 190 4140 lu)
210 4061 364 4128 Gardes,
388 4067 408 4130 1,
423 4081 446 4116 c·
