2690 4790
635 379 818 440 -tst...

291 565 396 630 eam
413 561 464 626 bis
480 563 578 644 ipisus
593 561 724 645 ubisque
740 563 861 626 sancis
886 562 1082 634 Pacemne,
1107 579 1212 640 maces

250 701 318 749 sues
336 681 468 746 turdus
482 681 621 746 solebant
637 682 746 761 Sueci3
763 683 798 744 in
814 682 925 744 borum
943 681 1138 760 aliorumque
1153 679 1212 740 bo·

250 819 375 876 noreru,
398 801 525 882 hymnos
551 801 732 862 cecinerunt
746 819 863 874 sacras,
885 799 998 880 quibus
1015 820 1053 864 eo
1076 808 1214 880 tempore

248 919 359 1000 religio
385 918 451 980 iere
473 919 696 984 absolvebatur.
738 918 915 1000 Baptismus
933 936 1025 999 porro
1042 918 1087 980 ita
1112 917 1212 980 adrni-

250 1037 376 1099 nistrari
402 1037 535 1110 solebat,
567 1047 604 1098 ut
631 1047 754 1119 praeter
781 1036 990 1099 Exercismum
1016 1036 1094 1098 varii
1121 1036 1209 1100 adhi-

250 1153 398 1218 berentur
423 1155 519 1230 ritas,
542 1155 598 1237 qui
627 1156 658 1218 S.
688 1153 962 1218 nonanoeane
990 1173 1052 1214 non
1068 1153 1213 1219 niteban-

251 1281 320 1347 tur,
337 1275 426 1356 cujus
442 1277 562 1356 generis
584 1283 651 1336 erat
676 1274 747 1336 salis
772 1273 895 1354 oleique
919 1293 990 1336 usus
1015 1271 1073 1354 (Ι).
1124 1273 1215 1338 Idem
1334 1343 1335 1358 2

251 1391 388 1454 obtinuit
413 1393 447 1453 in
474 1393 656 1456 celebranda
685 1393 784 1454 Sacro
813 1391 932 1464 Cossa,
965 1391 1004 1452 de
1031 1411 1110 1470 qua,
1139 1411 1217 1456 eum

250 1509 296 1568 ita
322 1511 491 1584 sentirent,
524 1519 560 1572 nt
586 1518 658 1590 post
694 1507 940 1570 benedictionem
975 1507 1215 1584 saemdotalem,

252 1626 338 1707 panis
367 1629 525 1690 materiem
554 1629 589 1690 in
618 1627 730 1690 christi
764 1647 875 1706 corpus
902 1629 1014 1692 mutari
1032 1639 1214 1703 censerem,

255 1743 371 1806 factum
388 1743 462 1806 hinc
480 1754 544 1817 est,
568 1745 652 1825 quod
679 1745 783 1806 calicis
809 1765 881 1810 usus
906 1748 940 1808 in
966 1747 1094 1820 Suecia,
1118 1767 1218 1826 aeque

251 1883 287 1924 ac
304 1864 338 1923 in
355 1863 423 1924 aliis
449 1861 585 1942 Europae
610 1863 803 1942 regionibus,
833 1865 929 1926 Laicis
955 1863 1210 1940 interdiceretur,
1246 1950 1249 1956 .

252 1980 327 2042 dum
353 2001 390 2042 ex
413 1981 517 2042 eadem
544 1983 695 2044 sententia
711 1993 819 2064 sponte
836 1981 1041 2063 sequebatur,
1064 1981 1214 2056 hostiam,

253 2100 481 2180 quamprimum
499 2119 517 2160 a
536 2099 692 2162 sacerdote
710 2101 898 2174 elevaretur,
921 2100 1106 2161 adorandam
1130 2119 1216 2176 esse3

250 2235 309 2276 nec
336 2217 437 2275 minus
463 2217 554 2276 etiam
581 2218 615 2276 in
642 2219 737 2298 ipsius
765 2221 911 2281 honorem
928 2222 1133 2301 processiones
1151 2239 1219 2280 esse

251 2329 456 2409 suscipiendas
477 2328 536 2411 (2).
568 2329 700 2411 Verum,
725 2358 821 2417 qnum
839 2339 873 2397 in
890 2339 938 2398 his
955 2337 1216 2420 processionibus,

254 2471 352 2533 aeque
369 2473 406 2516 ac
423 2454 565 2516 universe
583 2454 617 2514 in
634 2453 825 2533 singulorum
851 2456 968 2516 rituum
995 2457 1216 2529 celebratione,
1334 2473 1335 2490 ¹

253 2589 412 2632 cereorum
433 2591 505 2632 usus
523 2581 601 2632 esset
621 2570 903 2652 frequentissimus,
927 2573 978 2633 die
996 2573 1221 2654 purificationis

254 2687 366 2750 Mariae
387 2688 640 2770 (Kyssds’lmcsso)
661 2692 833 2752 consecrari
850 2691 987 2752 solebant
1010 2691 1126 2752 lumina
1149 2711 1219 2752 om-

253 2807 322 2879 nia,
355 2807 466 2888 quibus
492 2825 548 2888 per
573 2809 728 2887 integrum
755 2829 868 2868 annum
898 2809 1063 2870 Christiani
1091 2818 1218 2869 uteren-

253 2935 305 2984 tur
323 2925 382 3006 (3).
424 2925 584 2988 Praeterea
601 2946 674 2988 vero
691 2927 775 2988 inter
792 2928 872 2988 ritus
901 2945 1001 2988 sacros
1025 2927 1220 3007 confirmatio

254 3047 338 3110 erat,
363 3059 455 3118 quam
469 3042 550 3102 hanc
567 3044 607 3105 ob
625 3063 746 3104 causam
760 3043 1052 3106 commemorandam
1065 3063 1132 3105 esse
1143 3057 1219 3106 oen-i

251 3207 516 3224 *n*-

255 3317 384 3365 casacra,
403 3299 512 3369 aliisque
529 3300 759 3356 exercitationibus
773 3301 842 3374 piis,
861 3307 994 3370 praeterae
1017 3319 1082 3354 vero
1102 3305 1220 3356 miraeu-

255 3392 306 3456 iis,
324 3406 390 3460 quse
405 3391 517 3456 patravit
534 3395 560 3440 et
577 3391 812 3454 patefactionibus,
831 3408 895 3460 quas
911 3392 1027 3458 accepit,
1045 3391 1115 3442 vitae
1131 3391 1219 3442 Sanc·

255 3481 356 3531 titatsm
370 3481 407 3532 ita
422 3479 599 3547 probaverat,
618 3488 677 3532 uta
694 3481 830 3534 Bonifacio
845 3481 996 3534 canonicatu
1012 3481 1092 3531 faerit
1112 3485 1140 3552 (7
1155 3480 1217 3533 Oct.

258 3567 349 3641 1597).
366 3565 458 3634 Lege
471 3569 617 3635 rbring‚
638 3570 656 3620 Ι.
671 3585 695 3624 c.
711 3570 746 3622 Τ.
762 3569 828 3634 ΙΙΙ,
844 3586 868 3624 c.
885 3570 917 3634 8,
935 3575 952 3640 p
968 3591 993 3642 9.
1011 3569 1216 3634 Themeres,

256 3657 432 3728 l.c.p·16r.

291 3750 332 3817 (ι)
351 3745 395 3800 Da
418 3745 590 3808 ceremoniis,
609 3747 636 3797 in
650 3741 856 3798 administrando
873 3745 1002 3812 baptismo
1018 3747 1134 3811 usitatis,
1153 3745 1218 3799 La·

258 3833 484 3904 gerbring'l'.
501 3834 552 3900 11,
569 3851 593 3887 e·
610 3851 660 3902 19,
679 3843 693 3904 ς
710 3853 736 3905 9·
764 3830 927 3898 baeltar,
947 3837 966 3886 Ι.
984 3853 1008 3889 c.
1021 3855 1050 3904 p.
1066 3835 1126 3891 566.

293 3924 333 3992 (a)
353 3924 396 3977 Dc
413 3925 445 3980 S.
463 3925 569 3988 Coena,
593 3922 846 3992 Lagerbsing,
871 3925 889 3974 Ι.
911 3938 933 3975 c.
951 3927 967 3993 p
986 3941 1028 3978 so.
1054 3923 1218 3992 Baetter,

257 4013 277 4065 Ι.
290 4027 314 4063 c.
329 4029 356 4079 p.
374 4011 432 4082 507·
1209 3997 1211 4002 Ι

292 4099 331 4174 (5)
352 4097 512 4166 liariter,
533 4103 550 4154 1.
570 4119 591 4153 c.
609 4109 638 4170 p.
654 4099 711 4170 ifip.
