2690 4790
513 443 554 458 -
576 411 632 471 tt‘l
648 445 693 456 =-

105 597 288 664 dootoribus
313 607 470 659 auctorem
495 595 604 671 fuisse,
637 607 673 655 ut
699 595 761 655 rite
777 613 902 656 munere
918 611 973 655 suo
989 593 1063 654 tun-

104 727 276 795 gerentum
298 717 363 776 sire
388 715 429 777 ob
447 714 550 776 oeulos
567 711 656 774 nobis
674 712 764 772 illum
781 729 926 792 ponamus
944 713 1063 774 eunetis

102 834 145 894 de
183 837 314 896 veritate
347 832 537 914 disqsdrendi
561 831 821 912 opportunitatem
845 829 1059 911 praebentem

101 953 168 1012 sire
193 953 388 1014 attendamus
397 997 406 1027 ,
435 953 510 1013 tales
527 951 617 1012 illum
633 949 789 1010 sustulisse
807 948 1058 1022 eonsuetudines,

99 1071 213 1150 quales
231 1071 406 1144 effecerant,
430 1071 517 1132 utin
543 1069 608 1128 dies
630 1067 777 1146 majorem
800 1067 953 1146 jaoturam
979 1065 1063 1127 isoe-

97 1196 247 1249 retvers
270 1190 386 1269 pietss3
409 1189 473 1249 sive
501 1186 636 1266 denique
662 1184 752 1245 illum
776 1185 933 1245 audiemus
960 1183 1066 1244 subdi·

98 1314 147 1365 tos
166 1325 238 1366 suos
255 1307 485 1378 instituentem,
509 1313 621 1365 ounota
639 1303 740 1360 virum
757 1299 845 1360 nobis
863 1298 1009 1359 exhibent
1025 1297 1066 1358 de

94 1421 237 1484 Euolesiu
254 1423 442 1493 Christiana,
461 1421 606 1480 sooietate
623 1419 764 1497 religiose
778 1427 810 1477 et
827 1417 951 1490 morali,
974 1435 1064 1496 epre-

94 1539 150 1617 gie
167 1548 348 1600 merentem.
390 1537 449 1597 Sed
467 1537 516 1596 vel
534 1538 578 1598 sio
603 1547 704 1598 tamen
731 1537 862 1617 plurima
889 1538 1064 1599 etiamnum

94 1655 291 1716 emendanda
307 1664 496 1735 supererant.
518 1655 682 1729 Quoeiroa,
696 1655 772 1734 quid
785 1655 979 1716 seraverat
988 1656 1065 1716 hneo

92 1772 288 1835 emendanda
309 1782 413 1853 postea
431 1773 613 1847 eontulerit,
629 1775 696 1853 jam
713 1775 885 1848 videamm3
907 1793 988 1853 quae
999 1773 1064 1832 dis·

93 1892 226 1972 quisitio
245 1911 282 1951 eo
298 1891 422 1970 majoris
438 1899 485 1950 est
511 1892 673 1965 momenti,
696 1891 854 1971 quomagis
872 1889 997 1949 Sueoiae
1013 1909 1064 1949 re·

92 2027 168 2087 gem
188 2009 420 2069 oeleberrimum
437 2009 524 2070 nobis
540 2011 703 2090 proponit,
722 2027 826 2068 rerum
844 2025 997 2068 sacrorum
1014 2008 1064 2066 in-

97 2128 281 2190 stauratoris
300 2127 424 2188 nomine
441 2125 500 2185 hee
516 2127 609 2185 etiam
626 2136 715 2205 parte
731 2125 951 2204 dignissimum.

136 2247 204 2311 iiuo
222 2249 319 2329 igitur
336 2246 501 2327 praecipue
519 2243 653 2323 pertinet
680 2261 769 2316 eura,
803 2261 894 2324 quem
919 2242 1069 2324 impendit

93 2387 152 2428 rex
170 2385 305 2427 summus
323 2363 561 2426 Christianorum
587 2361 773 2422 institutioni
800 2381 854 2435 eo,
883 2361 966 2442 quod
995 2360 1067 2442 offs-

94 2483 196 2557 oers't,
219 2491 257 2542 ut
277 2483 310 2542 S.
332 2481 366 2542 0.
389 2479 487 2559 stupis
505 2477 662 2557 mopisque
682 2480 759 2560 ipsis
778 2479 995 2537 irootsseerst.
1016 2478 1070 2537 Et·

94 2601 200 2673 enim,
224 2599 282 2661 etsi
302 2599 336 2657 in
355 2595 492 2658 comitiis
518 2593 730 2654 Arosiensibus
755 2592 913 2654 decretum
940 2593 1066 2666 fuisset,

93 2728 133 2778 ut
150 2719 187 2777 in
205 2715 346 2776 omnibus
363 2712 489 2774 Sueoise
506 2710 630 2772 aedibus
647 2711 740 2772 saeris
768 2711 941 2794 seholisque
967 2713 1067 2792 expli-

94 2846 224 2898 caretur
250 2832 377 2892 verbum
395 2831 548 2903 divinum,
571 2828 610 2888 ab
626 2827 838 2890 additamentis
854 2830 992 2891 humanis
1009 2851 1069 2912 pu-

95 2975 187 3028 rum,
212 2950 262 3010 vel
281 2950 326 3010 sio
344 2958 445 3010 tamen
462 2947 536 3009 huie
553 2946 678 3008 deereto
695 2967 758 3009 non
773 2951 878 3009 statim
894 2969 997 3014 omnes
1014 2967 1070 3030 po-

96 3074 224 3146 tebant,
258 3072 322 3131 sive
348 3070 408 3132 hoe
443 3069 544 3130 faeere
578 3085 641 3128 non
667 3076 806 3148 possent,
839 3069 903 3130 sive
937 3068 1068 3130 nollent.

97 3191 192 3263 Nem,
215 3209 312 3270 quum
329 3188 388 3250 hoe
403 3190 572 3250 sanciretur
590 3187 765 3248 deor-etum.
784 3189 942 3269 plerique,
966 3199 1066 3248 utan-

99 3319 149 3370 tea
170 3307 319 3378 vidimus,
344 3303 454 3364 Clerioi
481 3303 511 3362 S.
541 3303 572 3361 C.
603 3305 713 3362 notitia
728 3321 851 3382 prorsus
869 3314 955 3365 erant
973 3306 1069 3364 desti-

98 3429 181 3499 tuti,
205 3424 288 3504 quod
306 3442 368 3483 non
386 3423 430 3482 ita
447 3420 612 3499 derepente
628 3419 662 3476 in
679 3417 788 3478 melius
811 3421 924 3478 mutari
950 3421 1068 3498 potuis·

100 3567 150 3622 se,
165 3543 256 3606 facile
265 3541 463 3620 intelligitur.
496 3539 561 3616 Qua
577 3537 688 3601 notitia
705 3557 774 3597 oum
793 3547 892 3600 essent
910 3539 1066 3612 destituti,

101 3667 214 3728 mirum
239 3682 312 3724 sane
339 3679 401 3723 non
428 3669 494 3720 erat
518 3659 663 3738 antiquae
682 3659 751 3720 illos
769 3659 936 3720 adhaesisse
952 3657 1068 3720 doetri-

101 3801 170 3840 nae.
192 3781 340 3840 Gustavus
360 3778 474 3856 igitur,
499 3787 534 3836 ut
552 3795 617 3836 rem
636 3777 826 3852 emendaret,
850 3779 983 3858 primum
1001 3775 1068 3837 Cle·

102 3899 192 3970 rieis,
215 3897 381 3957 Oerebroae
406 3890 787 3975 convocatis(A⁰.1529),
807 3891 892 3952 ἰΙΙιιιιι
907 3893 1070 3955 our-andam

103 4013 273 4086 mandavit,
296 4015 352 4094 qui
370 4033 433 4076 non
447 4022 583 4084 tantum,
606 4031 670 4072 sese
683 4011 716 4072 in
733 4019 887 4089 posterum
897 4030 1008 4089 purum
1017 3995 1074 4074 Dei

103 4129 231 4192 verbum
244 4127 434 4194 auditoribus
451 4147 517 4192 esse
533 4127 765 4192 annuntiaturos
781 4126 900 4210 sibique
916 4130 1074 4192 euraehoo

893 4251 951 4310 10*
