2698 4792
440 1069 796 1188 nonnemo.

208 1669 315 1800 Quid
331 1757 378 1796 me
396 1737 561 1836 inducerit
578 1741 668 1799 ntia
685 1739 908 1802 conscribendo
925 1741 1094 1823 epeciminc

133 1856 173 1915 de
201 1857 339 1918 Gnrtoao
366 1857 388 1917 I
412 1877 550 1938 aqcrem,
583 1876 688 1918 rernm
715 1879 875 1919 cacraram
909 1859 947 1919 in
982 1861 1096 1921 Saecia

133 1995 212 2035 saco.
232 1973 315 2036 XVI
337 1977 564 2048 instauratore,
581 1975 693 2056 poncio
720 1977 934 2056 reponendam
959 1977 1095 2040 videtur.

138 2090 178 2151 Ut
203 2093 287 2152 enim
314 2093 378 2153 alia
406 2093 461 2154 hoc
487 2091 674 2164 caedebant,
698 2093 745 2152 ita
766 2093 899 2152 macime
922 2095 1100 2174 arqamenti

133 2210 283 2290 yraoitoe.
314 2209 371 2269 Hie
389 2210 474 2268 enim
493 2209 608 2270 nostrie
627 2209 734 2270 diebac
752 2209 926 2290 requiritur
942 2229 1006 2269 nan
1026 2220 1098 2270 tan·

134 2337 199 2386 tam
219 2327 257 2386 in
275 2328 438 2402 hicterico,
462 2338 499 2387 nt
515 2328 596 2409 ipsae
615 2327 708 2388 adeat
726 2329 834 2407 sontes
858 2339 889 2388 et
907 2338 995 2388 acate
1013 2327 1097 2408 diia-

137 2443 234 2518 dicet,
259 2445 335 2525 qaid
349 2463 457 2504 rernm
475 2445 518 2504 ait
530 2445 568 2504 in
584 2445 640 2518 iic,
666 2466 743 2525 qnae
760 2445 836 2504 inde
855 2445 1010 2516 hauserit,
1024 2445 1100 2524 qnid

135 2563 241 2621 minae
256 2561 451 2642 probandam
469 2561 632 2634 videatur,
661 2581 770 2618 ceram
797 2561 907 2634 etiam,
930 2571 967 2619 nt
985 2561 1044 2620 rite
1061 2583 1099 2622 ea

134 2679 261 2740 ordinet
279 2689 435 2758 comtoqae
455 2676 595 2736 oratione
613 2675 751 2758 eapIicet.
798 2677 884 2756 Qnao
911 2689 1099 2760 quantopere

134 2799 220 2857 circs
222 2793 384 2877 juveniles
394 2805 556 2876 caperent,
579 2813 705 2854 monere
715 2794 769 2854 oia
778 2816 853 2877 apae
863 2807 923 2869 eat,
948 2797 1095 2878 qnoniam

136 2913 292 2972 neminem
311 2911 464 2991 snqiant,
498 2910 553 2990 qni
578 2911 616 2970 in
643 2909 851 2970 recentiorum
878 2907 1098 2973 historicorum

134 3029 262 3111 scriptis
281 3049 345 3088 noa
358 3027 454 3110 plane
474 3029 580 3110 hospes
598 3037 751 3088 cereatar.
793 3027 875 3088 Mite·
902 3029 1009 3088 saitem
1036 3041 1098 3088 tam

134 3147 246 3228 oracio
264 3146 369 3204 eadem
388 3146 591 3218 canicorum,
615 3155 650 3204 nt
677 3144 861 3218 consilinm,
883 3166 922 3204 ea
942 3145 1098 3206 Historiae

135 3264 370 3342 Literaramqne
398 3261 617 3321 Recentiornm
642 3281 744 3320 amore
765 3263 954 3342 profectum,
977 3272 1099 3321 matare

131 3381 204 3464 plne
222 3380 317 3439 remei
333 3379 370 3437 in
387 3380 527 3438 animam
544 3378 734 3438 induxerim.
777 3375 827 3435 Ec
844 3375 917 3434 aliie
935 3394 1008 3432 cero
1020 3394 1096 3455 por·

137 3515 171 3558 ro
188 3499 226 3556 in
244 3497 308 3557 alia
325 3495 498 3568 incidenti,
524 3515 581 3555 nec
605 3494 785 3554 invenienti
811 3503 915 3552 tamen
932 3513 1098 3573 aranman-

137 3628 217 3690 tam,
261 3615 341 3696 qnod
366 3613 518 3673 enaritate
545 3633 577 3672 ae
605 3612 705 3692 maqia
730 3612 971 3683 commendaret,
1005 3631 1096 3688 qaam

138 3733 235 3807 iliad,
279 3752 337 3812 qao
370 3731 558 3790 versandam
589 3729 669 3788 milri
687 3731 775 3808 soret
801 3729 839 3786 in
865 3727 1098 3808 contemplando

137 3848 377 3932 Resormotionie
393 3868 483 3920 occo,
495 3847 591 3928 inque
609 3845 797 3906 attendenda
815 3843 879 3902 oiri
895 3863 970 3903 inae
987 3845 1098 3904 aetatie

137 3965 328 4026 celeberrimi
345 3966 427 4038 cita,
449 3965 525 4044 qaid
541 3965 682 4024 colerent
699 3961 836 4034 homeri,
850 3961 926 4041 qaid
934 3963 1025 4041 serre
1044 3983 1094 4020 rc·

138 4093 299 4156 cararent,
324 4083 508 4144 tentandam
526 4082 698 4143 videbatur.
744 4077 810 4157 Qua
840 4079 961 4159 qnidam
986 4097 1094 4158 propo·
