2698 4792
286 526 446 608 bistericos
464 529 616 590 convenit.
647 529 796 603 Quorsum
812 532 892 595 illud
909 531 1068 592 referimus
1082 532 1154 610 jus,
1177 549 1243 609 qno

286 643 505 706 nonnullorum
540 645 722 710 delictorum
756 650 888 712 mulctae
909 651 977 729 regi
1003 659 1091 712 erant
1118 648 1244 712 solven-

287 761 361 838 dae,
381 784 440 826 nec
459 765 558 826 minus
584 767 679 843 illud,
710 788 790 848 quo,
813 769 897 828 rama
924 768 1156 848 opportunitate
1176 765 1244 848 (l),

286 879 360 964 ipsis
376 881 505 958 licebat,
529 884 646 946 tributa
664 905 681 948 a
698 886 828 947 subditis
844 887 975 966 exigere.
1013 886 1175 954 Caeterum
1192 905 1248 964 pe·

287 1017 342 1060 nes
368 1019 456 1080 reges
482 1000 575 1064 fuisse
598 1003 844 1082 jurisdictionem
864 1004 1036 1066 verosimile
1053 1012 1109 1064 est.
1152 1003 1251 1082 Leges

288 1136 362 1180 vero
379 1117 428 1183 hi·
445 1124 631 1204 temporibus
648 1145 706 1186 nec
723 1123 871 1204 scriptae,
891 1142 949 1184 nec
968 1122 1002 1182 in
1028 1121 1157 1201 singulis
1175 1139 1250 1202 pro·

288 1235 397 1298 vinciis
414 1240 535 1302 eaedem
552 1241 661 1317 inisse,
682 1242 844 1316 videntur,
868 1241 952 1322 qued
971 1240 1053 1302 unde
1071 1239 1192 1304 factum
1211 1240 1253 1300 sit

290 1353 444 1434 explicatu
460 1368 507 1418 est
524 1359 712 1422 facillimum.

329 1587 441 1651 Gentes
470 1597 572 1650 autem
598 1589 657 1652 bae
683 1590 907 1670 profitebantur
934 1593 1116 1672 religionem
1144 1589 1252 1652 ethei·

288 1724 373 1778 cem,
396 1704 598 1780 Odinismum,
622 1709 693 1788 qui,
717 1728 754 1768 ex
772 1709 895 1768 Oriente
912 1707 1041 1779 advena,
1063 1707 1253 1768 Therriire·

286 1819 432 1902 liqionem
458 1835 634 1904 exceperat,
665 1845 794 1906 eamque
820 1825 853 1884 in
879 1824 988 1886 altiora
1031 1823 1255 1887 Scandinaviee

289 1941 358 2008 loca
374 1940 546 2020 fugaverat,
570 1941 644 2004 licet
661 1953 783 2022 praeter
799 1942 945 2015 Odinnm,
969 1942 1067 2022 ipsum
1084 1941 1253 2004 Thurrium

289 2059 324 2122 in
340 2057 472 2120 Deorum
489 2079 648 2120 numerum
665 2061 804 2122 referret.
840 2059 977 2130 Etenim,
1000 2068 1122 2138 praeter
1140 2077 1252 2136 supre-

289 2193 373 2240 mum
399 2173 551 2254 quoddam
575 2197 688 2238 numen
717 2175 898 2259 (Alscdur),
921 2173 1004 2256 quod
1023 2174 1153 2234 Patrem
1172 2174 1251 2232 urei·

290 2291 374 2352 esrai
400 2291 549 2365 hahebat,
581 2293 685 2371 plures
712 2294 834 2354 admisit
858 2295 936 2356 lleos
959 2293 1095 2372 Deaeque
1116 2289 1251 2370 (Assar).

292 2410 360 2486 Qua
386 2429 456 2472 cum
484 2409 623 2472 doctrina
656 2411 822 2476 arctissime
848 2410 1069 2482 cohaerebant,
1104 2427 1184 2488 quae
1211 2407 1252 2470 ab

293 2527 360 2611 ipsu
386 2527 632 2610 propagabantur
649 2528 687 2590 de
704 2528 784 2601 vita,
806 2537 1019 2608 postmortem
1045 2525 1166 2598 futura,
1191 2545 1250 2588 no·

294 2644 409 2720 tiones,
433 2657 469 2710 ut
493 2648 585 2709 facile
604 2655 729 2727 apparet
747 2666 784 2706 ex
801 2647 855 2721 iis,
888 2647 1017 2726 quaein
1034 2643 1149 2724 mythis
1166 2647 1250 2706 anti·

294 2761 363 2844 quis
389 2770 553 2826 narrantur
576 2762 614 2822 de
640 2763 761 2842 piorum
788 2771 821 2822 et
849 2765 1011 2843 impiorum
1031 2765 1064 2824 in
1097 2763 1251 2824 Walltella

295 2887 328 2940 et
354 2877 530 2940 Norstreod
557 2887 648 2940 sorte.
698 2879 777 2943 llaec
805 2889 906 2938 autem
934 2879 1113 2943 Etbniciemi
1129 2881 1247 2953 torma,

295 2997 353 3060 etsi
371 2997 457 3058 utilis
472 2995 569 3056 videri
584 2996 678 3076 possit
696 2996 735 3058 ad
751 2996 864 3058 delicta
875 2999 1022 3061 nonnulla
1038 2999 1247 3078 reprimenda,

293 3135 356 3179 nou
379 3123 480 3175 tamen
505 3114 591 3174 illam
617 3113 732 3176 babere
763 3124 886 3194 poteret
912 3115 991 3190 vim,
1021 3125 1057 3177 ut
1085 3117 1250 3180 Succorum

294 3265 544 3288 quq-am

330 3336 371 3408 (a)
391 3334 525 3387 Pertinent
541 3332 610 3386 huc:
630 3334 865 3406 Ledungslama,
886 3333 1013 3386 Weitslo
1028 3341 1053 3386 et
1065 3335 1249 3406 Skjutrning.

294 3423 375 3496 Quod
392 3423 424 3474 ed
441 3423 570 3492 primum
584 3424 696 3488 attinet,
715 3424 782 3492 exigi
803 3423 869 3474 illud
892 3423 1009 3488 solebat,
1028 3421 1132 3490 quando
1146 3421 1197 3474 hnc
1213 3423 1248 3474 il·

293 3517 353 3568 lave
375 3516 408 3566 de
434 3531 508 3567 causa
532 3513 707 3582 expeditiones
731 3512 870 3570 militares,
897 3511 991 3578 quibus
1011 3509 1133 3560 interesse
1160 3510 1249 3562 cuncti

295 3602 426 3666 debuere,
453 3601 523 3660 haud
545 3601 760 3668 suscipiebantur.
796 3597 922 3651 Wsitslo
945 3599 1070 3650 tributum
1086 3603 1159 3662 erat,
1177 3597 1248 3664 quod

295 3709 382 3762 regen,
420 3690 545 3744 ditionem
577 3704 649 3738 suem
679 3688 882 3755 perlustrantes,
915 3703 930 3736 e
962 3683 1071 3736 subditis
1104 3679 1246 3752 exigebant.

298 3781 472 3852 Skjuranr’ng
493 3775 661 3846 popularibus
682 3773 804 3842 imposuit
827 3789 907 3842 equos
932 3771 1097 3839 suppeditare
1117 3779 1142 3825 et
1159 3771 1248 3822 aulicis

294 3871 321 3918 et
338 3867 534 3936 quibuscunque
554 3859 643 3932 legetis
663 3863 749 3929 regiis.
783 3857 887 3929 Quodsi
903 3877 964 3912 vero
982 3875 1047 3922 rex,
1064 3861 1245 3920 iterfaciens,

292 3961 343 4017 aaa
356 3966 474 4014 uteretur
491 3957 584 4027 equis,
604 3953 724 4009 alimenta
741 3950 805 4005 bien
815 3949 924 4008 subditis
933 3947 1150 4002 subministranda
1166 3953 1246 3998 erant.

291 4045 542 4116 Lagerbring,
560 4046 576 4100 l.
595 4059 618 4096 c.
633 4058 657 4096 c.
671 4060 698 4114 9.
716 4037 832 4108 Reus,
856 4035 1031 4098 Geaclticlrto
1051 4035 1235 4108 sedendam,

290 4131 557 4204 'l·.1,L.1,pe.
