2668 4784
645 337 805 398 ..58-

246 522 344 594 conti,
376 541 409 580 ae
436 532 586 602 opposuit.
629 521 697 580 ‚ln
724 522 852 582 caeteris
878 521 1070 596 omnibus‚''
1095 521 1216 602 iuquit,

249 657 470 720 »nequaquam
488 657 520 700 se
538 637 749 700 dubitaturum
763 659 843 716 esse,
867 643 943 722 quin
960 641 1035 722 regi
1054 637 1220 714 obedirem

249 775 356 818 rerum
374 776 472 818 sacras
489 755 639 818 Ecclesiae
654 758 854 837 possessiones
871 759 1052 822 diminuere
1070 757 1132 838 ipsi
1158 775 1223 816 noo

247 873 375 936 licere’'.
416 875 480 934 Rex
497 884 614 948 autem,
638 877 786 956 propositi
805 886 914 951 tenax,
938 887 970 940 at
989 896 1070 938 vero
1085 871 1225 956 prudens

247 993 356 1066 etiam,
378 992 512 1071 primum
537 992 577 1052 ad
602 991 782 1072 Episcopum
805 995 963 1074 epistolem
993 994 1105 1068 dedit,
1128 1011 1220 1054 rere-

247 1111 378 1172 rentiam
405 1129 478 1192 erga
505 1111 595 1172 illum
621 1111 787 1190 spirantem
806 1109 871 1194 (1),
895 1113 947 1176 cui
975 1131 1053 1173 cnm
1080 1109 1225 1172 nondum

248 1230 301 1292 hic
318 1228 441 1292 obedire
458 1229 571 1301 vellet,
595 1229 743 1290 Gustarus
772 1228 1022 1309 indignabundus
1053 1230 1154 1290 aliam
1186 1225 1224 1288 ad

248 1347 337 1408 illum
354 1345 469 1405 dimisit
486 1346 662 1426 epistolam,
684 1345 832 1426 illamque
850 1347 939 1408 minis
956 1347 1129 1427 repletam.
1171 1346 1225 1408 ln·

251 1476 300 1530 ter
317 1464 376 1524 alia
390 1463 465 1526 haee
493 1465 634 1544 scripsit:
665 1463 937 1545 »Uniuscujusqne
961 1465 1057 1546 probi
1087 1462 1225 1527 hominis

247 1583 338 1663 jubet
356 1581 556 1654 conscientia,
580 1591 633 1653 ut,
657 1580 690 1638 in
707 1581 799 1642 rebus
817 1585 970 1662 angustis,
982 1584 1040 1644 ubi
1064 1593 1132 1644 tarn
1150 1601 1224 1662 gra·

251 1702 283 1762 vi
300 1719 393 1762 onere
418 1698 518 1780 patria
545 1699 713 1776 premitur,
747 1701 852 1760 cuncti
880 1700 959 1760 illud
987 1701 1128 1774 tollant,
1161 1699 1226 1760 e'ive

249 1819 431 1880 monasteria
448 1818 510 1878 sint
527 1827 559 1878 et
574 1815 661 1877 aedes
680 1835 800 1888 sacrae,
825 1817 888 1876 sire
904 1818 1050 1878 monachi
1067 1828 1102 1880 et
1117 1835 1224 1878 sacer·

249 1935 352 2010 dotes,
364 1935 503 2016 inprimis
522 1954 594 1994 vero
611 1933 665 1994 ubi
682 1935 863 2014 ceteroquin
880 1934 1145 1998 virosdcfioiunt’'
1161 1932 1224 2015 (2).

250 2050 307 2114 Vel
325 2053 369 2114 sic
396 2063 498 2114 tamen
523 2053 557 2112 in
575 2052 633 2112 hac
659 2051 803 2132 epistola,
827 2071 924 2132 aeque
951 2054 1041 2114 acin
1068 2051 1225 2135 responsis

251 2169 291 2230 ad
310 2179 500 2230 caeterorum
519 2171 705 2232 clericorum
724 2169 881 2250 querelas,
904 2169 949 2230 ita
974 2189 1042 2230 rem
1070 2191 1131 2232 rex
1149 2186 1224 2250 pro·

250 2287 370 2366 posuit,
394 2296 431 2344 ut
449 2305 467 2344 e
485 2287 667 2346 necessitate
684 2287 797 2364 magis,
819 2307 911 2366 quam
929 2307 947 2348 e
963 2287 1129 2350 voluntate
1147 2305 1221 2356 sua,

251 2412 320 2470 orta
336 2401 494 2464 rideretur
515 2400 574 2484 (3).

293 2520 418 2582 Etiamsi
445 2539 519 2582 vero
542 2521 690 2582 Gustavus
717 2535 832 2578 summa
851 2515 1014 2596 prudentia
1041 2537 1091 2578 res
1121 2537 1226 2580 sacras

251 2641 424 2700 instaurare
450 2639 618 2718 inciperet,
650 2635 738 2696 brevi
765 2643 866 2696 tamen
892 2654 1012 2696 omnem
1041 2635 1157 2696 Clerici
1187 2637 1225 2694 in

252 2759 318 2835 ejus
335 2757 503 2838 perniciem
522 2762 669 2836 pararunt
695 2763 848 2816 conatum.
891 2754 974 2816 llova
1000 2763 1103 2814 autem
1122 2773 1223 2835 oppo-

251 2877 323 2940 sitio
340 2874 498 2938 conamina
516 2872 554 2934 ad
572 2870 793 2935 reformandam
811 2871 976 2932 Ecclesiam
992 2873 1117 2952 peperit
1130 2889 1223 2934 nova.

289 3093 329 3164 (r)
349 3089 501 3142 Honorifico
527 3087 605 3140 titulo
628 3086 701 3136 illum
725 3083 811 3134 dixit:
830 3083 1060 3154 NddigeHerrc
1105 3086 1153 3140 01
1162 3103 1222 3140 aus

254 3175 714 3242 Celsius,l.c'l'.l,p.220·
755 3172 1118 3242 Frijxell,1.c.p.64.

289 3273 329 3341 (α)
348 3269 411 3320 Det
426 3269 515 3336 seiger
533 3266 663 3334 lavarjom
679 3279 761 3314 enom
780 3261 940 3332 redeligom
958 3277 1025 3314 marr
1043 3265 1119 3315 harre
1135 3279 1218 3315 aam-

254 3369 323 3424 ut,
341 3365 375 3410 at
392 3355 404 3406 i
421 3355 516 3406 ridden
532 3353 582 3404 der
599 3353 676 3404 rilret
691 3352 809 3404 sideria
825 3350 912 3422 turegi
925 3351 1100 3420 pdddnger,
1119 3353 1218 3421 bdrju

255 3448 317 3500 alle
334 3447 425 3516 drage
442 3452 568 3514 iungere,
589 3441 683 3494 elsoad
705 3443 755 3494 det
782 3443 817 3492 ἂν
839 3441 965 3508 kyrkcr,
984 3441 1114 3508 lrldster,
1132 3459 1218 3494 murr-

254 3536 305 3588 lor
320 3535 395 3587 oller
407 3541 545 3603 prester,
566 3531 772 3600 beaynrrerlige
789 3527 841 3578 der
859 3529 923 3580 icke
941 3547 1050 3582 annm
1073 3529 1131 3582 vill
1148 3527 1218 3582 till-

254 3625 351 3676 rdcke.
384 3639 411 3676 v.
429 3620 570 3688 Geijer,
589 3624 608 3672 l.
625 3639 647 3673 c.
665 3641 690 3688 p.
706 3621 758 3678 52,
776 3624 833 3668 not.
849 3619 876 3670 8.

288 3711 327 3782 (ὅ)
347 3715 501 3782 loquutus
527 3725 592 3760 sum
619 3709 665 3776 (ita
684 3703 812 3758 iohannis
829 3705 869 3759 Μ.
895 3707 928 3758 ad
945 3705 1038 3774 Brasl)
1058 3711 1216 3778 majestate

254 3818 325 3853 suae
350 3800 385 3849 de
408 3797 581 3868 gravamine
604 3795 796 3846 ecclesiarum
822 3805 878 3847 ete.
905 3795 1058 3864 respondit
1078 3798 1216 3869 profusis

254 3887 434 3954 lachrymis,
456 3885 530 3958 qnod
548 3883 625 3934 nulli
650 3881 823 3936 mortalium
841 3883 915 3954 plus
932 3883 1092 3952 displicere
1116 3886 1215 3955 poerit

256 3975 357 4028 eadem
381 3976 522 4038 exactio,
550 3988 636 4044 quam
662 3971 724 4022 sibi
749 3980 780 4024 st
806 3973 884 4046 quod
909 3987 974 4022 eam
999 3973 1163 4026 necessitas
1184 3981 1214 4023 et

253 4063 339 4120 nulle
351 4061 491 4118 veluntas
508 4059 677 4132 majestatie
690 4075 761 4114 succ
776 4062 946 4134 imperaret·
973 4074 999 4114 r.
1015 4055 1091 4128 Geij
1102 4079 1137 4114 er
1153 4063 1172 4114 l.
1189 4077 1212 4114 c·
