2698 4792
518 365 657 424 ...5-

107 550 242 624 Etenim,
265 549 479 610 uenenorum
502 567 671 610 annuorum
697 552 942 630 opportunitate,
966 545 1056 610 Sueci

106 668 242 748 undique
268 665 586 748 Upsaliam-eonfluere
604 667 758 743 solebant,
791 668 897 748 ibique
924 667 980 728 sub
1004 667 1056 728 die

105 786 286 848 sententiam
300 785 339 846 de
355 786 462 859 rebus,
486 805 565 867 qnae
581 789 698 868 patriae
715 787 842 847 salutem
859 785 1053 865 spectabant,

103 887 310 986 proferebant.
352 905 464 968 Aderat
481 927 553 976 rex,
586 906 711 967 aderant
728 906 915 986 singularum
929 902 1055 984 provin·

101 1023 220 1082 ciarum
236 1023 452 1102 gubernatores
471 1034 502 1084 et
515 1021 652 1102 judiees,
676 1039 734 1083 nee
761 1023 821 1082 nisi
847 1024 940 1082 servis
957 1021 1057 1082 aditus

100 1139 140 1200 ed
168 1140 223 1200 bos
250 1149 415 1202 conventus
433 1139 715 1220 praecludebatur.·
740 1139 804 1200 Rex
823 1141 942 1200 cunctis
960 1155 1055 1218 nopo-

100 1256 163 1328 tia,
187 1256 355 1336 dequibus
378 1267 445 1318 erat
461 1257 627 1337 agendum,
650 1257 818 1336 proposuit.
861 1255 983 1316 Jndiees
1001 1275 1057 1317 au-

99 1386 162 1436 tem
180 1373 381 1456 provinciales
401 1370 587 1453 (Lepreon),
612 1373 805 1432 tribunorum
820 1371 917 1452 plebis
941 1372 980 1432 ad
1005 1373 1055 1438 ie-

96 1504 180 1566 star,
204 1492 389 1552 rusticorum
409 1487 675 1570 (odalioederne)
701 1491 881 1551 sententiam
904 1490 989 1551 effari
1005 1509 1056 1551 so-

95 1609 207 1668 lebant
225 1618 257 1667 et
274 1625 484 1688 propugnare3
507 1607 582 1686 quin
605 1607 667 1668 imo
693 1608 758 1686 ipse
783 1608 931 1688 populus,
954 1627 1054 1669 armo·

94 1745 168 1785 rum
186 1725 314 1784 subinde
330 1743 418 1796 sono,
442 1722 605 1797 indicavit,
629 1745 661 1784 se
688 1725 769 1804 regis
797 1727 966 1786 sententiae
991 1727 1055 1786 sive

96 1843 255 1914 assentiri,
274 1843 337 1901 sive
356 1841 577 1918 eanr=rejicere
616 1839 655 1898 Ut
672 1859 746 1900 vero
773 1861 811 1902 ex
834 1843 883 1902 bis
909 1851 1053 1922 apparet,

95 1960 205 2042 populi
223 1959 285 2018 vim
304 1959 338 2018 in
360 1957 450 2018 rebus
468 1957 598 2038 publicis
617 1958 689 2018 satis
712 1957 804 2018 fuisse
830 1977 984 2038 magnam,
1008 1967 1056 2020 ta-

96 2097 170 2138 men
187 2076 328 2155 regibus,
350 2075 567 2154 antiquissimis
583 2075 668 2135 hisce
683 2074 885 2155 temporibus,
909 2077 1058 2138 nonnulla

96 2195 208 2256 saltem
234 2195 361 2254 cessisse·
383 2211 457 2272 prae
480 2191 610 2252 subditis
631 2193 704 2271 jure
730 2201 762 2252 et
791 2193 968 2273 privilegia,
1000 2215 1056 2256 ne-

98 2311 232 2392 gandum
257 2331 321 2371 non
346 2319 401 2369 est.
444 2308 600 2372 Historiois
620 2313 701 2373 enim
718 2313 832 2373 nititur
850 2313 1055 2390 argumentis,

97 2440 249 2511 regnante
267 2431 365 2510 Frop,
390 2430 551 2491 nonnullas
577 2431 650 2511 ipsis
678 2451 833 2491 concessas
850 2431 944 2490 inisse
961 2440 1058 2490 terras

100 2548 231 2631 (Upealo
250 2585 265 2597 ·
280 2524 375 2631 doe),
408 2551 447 2610 de
475 2550 603 2628 quibus,
645 2551 704 2608 etsi
729 2570 784 2610 nos
811 2550 921 2623 lateat,
954 2549 1060 2630 quales

99 2666 233 2739 suerint,
257 2667 316 2728 boo
340 2675 441 2724 tamen
460 2673 593 2739 constat,
616 2665 739 2726 idoneos
755 2667 824 2728 illas
842 2667 966 2748 regibus
983 2687 1056 2748 sup-

99 2784 252 2866 peditasse
278 2782 404 2842 reditus.
446 2782 552 2842 Utrum
579 2803 651 2844 vero
671 2785 736 2864 jam
762 2786 794 2845 id
818 2789 961 2866 temporis
983 2787 1057 2865 ipsit

101 2901 227 2962 cesserit
241 2901 309 2978 jus,
334 2919 396 2980 quo
415 2911 446 2961 et
465 2899 672 2976 subditorum,
696 2901 877 2962 haeredibus
893 2901 1055 2962 destituto·

102 3039 185 3091 rum,
220 3027 252 3079 ct
268 3027 497 3093 extraneorum,
529 3020 563 3078 in
590 3020 697 3080 Snecia
723 3019 954 3093 defunctorum,
975 3019 1054 3080 bona

102 3136 288 3198 haereditate
305 3137 477 3216 acciperent
506 3134 728 3216 (Dorta-ors),
752 3145 925 3214 conputet.
968 3135 1056 3208 Quod

102 3255 264 3317 dicendum
282 3255 373 3314 etiam
390 3264 435 3314 est
453 3253 492 3313 de
502 3253 591 3331 jure,
616 3270 695 3330 quo,
725 3251 876 3330 quidquid
901 3251 1000 3311 undae
1021 3253 1055 3310 in

103 3375 194 3434 litora
212 3369 571 3452 conjicerent(Wopreo)
581 3413 589 3442 ‚
602 3367 651 3428 vei
669 3367 819 3448 quidquid
833 3367 865 3426 in
884 3369 957 3440 viis,
981 3367 1055 3427 tito-

103 3495 187 3554 ribus
204 3501 237 3552 et
263 3492 354 3552 maris
379 3489 474 3550 fundo
496 3487 683 3568 reperiretur
703 3483 895 3565 (desyod,
923 3484 1056 3546 Stroed-

97 3611 199 3690 synd,
224 3606 417 3688 Botofyrrd),
441 3607 507 3685 regi
525 3605 660 3666 cedebat.
690 3603 818 3678 Verum,
842 3603 901 3664 etsi
915 3601 1057 3662 dubitent

103 3727 260 3798 historici,
285 3735 388 3784 utrum
414 3722 524 3782 horum
546 3723 665 3801 jurium
691 3722 776 3802 origo
802 3721 840 3780 ad
857 3718 1055 3782 remotissima

105 3856 242 3924 tempora
270 3841 430 3903 referenda
448 3842 504 3914 sit,
528 3839 620 3899 dubio
640 3847 739 3898 tamen
756 3845 859 3910 vacat,
883 3835 968 3896 brevi
986 3849 1055 3917 post

9 4043 10 4049 ἵ
106 3963 182 4022 haee
201 3962 283 4020 inter
300 3961 384 4040 regia
399 3960 471 4038 jura
490 3957 638 4018 recensita
652 3955 753 4016 inisse.
784 3952 850 4014 Alia
868 3963 969 4016 autem
982 3955 1054 4034 jura

110 4077 235 4140 remotis
254 4077 337 4140 bisce
357 4075 543 4159 temporibus
558 4073 707 4156 'originem
725 4089 808 4133 suam
824 4069 951 4144 debere,
973 4071 1058 4132 inter
