2698 4792
537 380 697 440 ..25-

120 565 378 644 prouti'nsrrant
403 561 617 626 iohannes
651 575 683 626 et
708 565 833 626 Olaus
870 564 907 628 ΙΙ.
940 565 1006 650 (1),
1040 569 1086 646 ef-

116 678 314 760 so'emiaataa
340 680 477 742 irritatis
505 681 645 742 iamiam
671 684 708 744 ia
728 703 817 744 uass
831 683 1085 762 familiaritatem

125 799 322 872 admitteret,
346 799 403 858 aad
416 801 564 874 audaces,
581 803 697 881 sortes,
721 803 839 862 validos
860 812 943 861 atra
956 801 1087 861 aliorum

120 927 289 996 praeeram
317 917 417 976 orariis
446 917 563 978 eleetos.
609 918 704 993 Quam
729 920 876 980 virtutem
893 920 1087 998 itaepuove·

123 1042 205 1096 runt
231 1053 352 1106 omnes,
385 1043 421 1094 ut
444 1035 569 1116 pabiioo
592 1037 755 1118 proverbio
783 1045 937 1118 receptam
955 1055 993 1096 eo
1012 1043 1089 1094 tem-

123 1169 205 1230 pore
225 1151 353 1229 leserit,⁴
378 1151 507 1212 testibus
541 1153 887 1234 iisdemsoriptoribus,
921 1154 1002 1232 qood
1019 1151 1091 1210 arii·

125 1266 178 1328 ltu
205 1267 258 1336 ἐκ,
274 1269 431 1344 familiam
458 1270 628 1331 senatoris
652 1271 878 1343 ascriberetur,
910 1269 963 1349 qui
989 1268 1094 1326 serari

124 1381 165 1442 ia
196 1384 316 1462 saniem
353 1405 459 1446 caesas
488 1386 680 1446 aaaaioarat.
728 1385 852 1446 Praeter
877 1385 935 1444 viri
957 1385 1091 1446 animum

126 1503 245 1566 fortem
274 1502 403 1564 laudaut
431 1502 549 1562 Svautii
571 1501 739 1580 jsutitiam,
771 1503 1011 1576 humanitatem,
1034 1520 1090 1582 pse

128 1621 214 1682 triae
232 1638 382 1692 amoram,
403 1618 709 1698 ritoainteffritatom.
752 1621 825 1681 Cum
832 1621 893 1682 hoe
909 1622 1007 1700 igitur
1024 1621 1092 1682 visa

128 1756 229 1817 quum
265 1737 426 1808 Gustatus,
459 1755 515 1815 per
545 1737 663 1816 aliquot
690 1747 824 1818 tempus,
858 1737 994 1818 degerit,
1029 1746 1091 1800 tam

128 1853 325 1916 fortitudinis
351 1853 540 1934 honorisque
558 1855 711 1928 sensibus,
735 1874 826 1934 quam
842 1855 964 1933 justitia
979 1864 1014 1916 at
1030 1855 1091 1916 hu-

128 1973 276 2036 manime
312 1971 520 2034 imbuebatur.
572 1972 699 2034 «iuvenis
736 1972 859 2052 quidem
895 1982 981 2047 erat;
1020 1972 1089 2044 ssdg

135 2091 326 2171 experientia
342 2091 435 2164 duee,
455 2091 589 2170 juvenili
606 2101 706 2151 aetate
723 2109 760 2150 ea
777 2090 963 2148 oriunturiu
971 2089 1093 2150 homino

130 2209 283 2270 virtutum
300 2211 509 2289 vitiorumque
526 2209 691 2288 principia,
716 2223 795 2285 quoe
808 2206 842 2266 in
856 2207 985 2268 virtutes
1005 2207 1091 2268 dein·

129 2346 201 2408 oops
238 2327 375 2406 vitiaque
411 2335 585 2406 erumpunt.
637 2326 827 2406 Quapropter
851 2328 931 2388 nulli
969 2327 1091 2388 dubita·

128 2445 199 2506 'runs
210 2488 219 2517 ,
244 2445 321 2524 quin
338 2442 551 2524 gubernatoris
577 2441 662 2514 aula,
686 2445 720 2502 in
743 2464 805 2523 qua
822 2453 884 2504 tam
901 2446 1024 2522 egregia
1044 2445 1092 2504 ri·

131 2561 246 2642 gabant
283 2561 401 2635 studia,
439 2561 571 2622 multum
607 2559 774 2620 contulerit
805 2560 843 2619 ad
869 2559 1093 2620 informandum

129 2680 250 2753 virum,
273 2699 323 2740 res
339 2697 438 2740 saeros
456 2674 620 2756 aliquando
643 2674 880 2736 emendaturum.
923 2676 1091 2738 Fortitudi-

130 2813 204 2854 nem
229 2795 329 2868 enim,
364 2812 455 2874 quam
481 2793 515 2852 in
541 2791 644 2854 Sturio
670 2793 873 2870 laudavimus,
906 2796 940 2856 in
967 2796 1092 2858 Sue'oiae

132 2914 286 2980 Euolesiao
302 2914 506 2974 instauratore
522 2910 703 2990 requisitum
720 2911 774 2983 iri,
797 2932 889 2992 supra
905 2931 1093 2976 memorare

131 3033 270 3096 memini.
314 3032 376 3092 Neo
402 3049 475 3090 vero
502 3029 602 3088 miuus
619 3047 694 3108 opus
711 3029 769 3108 ipsi
786 3028 853 3090 fora
866 3031 1006 3110 justitia,
1030 3031 1091 3092 hu·

133 3152 298 3224 munitate,
320 3149 438 3230 patriae
461 3165 580 3219 amore,
603 3147 771 3229 uniruique
798 3162 942 3230 appareat
957 3159 1092 3214 'neumae

33 3349 37 3355 Ι
127 3275 198 3342 est,
218 3267 394 3348 reputanti,
418 3273 606 3345 quantopere
629 3263 774 3324 mutanda
790 3277 890 3326 essent
908 3277 978 3328 oum
985 3269 1091 3330 E0010.

134 3387 322 3450 tiaatioorum
351 3385 440 3462 jura,
483 3378 660 3460 privilegia,
702 3378 836 3455 reditus,
864 3383 974 3446 verbo.
996 3386 1093 3446 omnia

132 3505 285 3577 conditio,
330 3510 396 3561 tum
424 3518 497 3560 vero
520 3497 612 3558 etiam
639 3495 798 3558 Laicorum
833 3499 967 3560 conditio
996 3502 1094 3567 civilis

135 3633 229 3703 atque
245 3619 379 3682 moralis.
433 3617 544 3693 Quodsi
580 3615 661 3676 euim
693 3615 833 3694 justitiae
862 3617 996 3680 sensibus
1017 3620 1093 3680 Gus-

135 3749 223 3800 tavus
240 3731 380 3800 imbutus
400 3755 462 3796 non
490 3737 614 3810 fuisset,
637 3735 724 3798 avide
752 3735 893 3816 deinceps
918 3736 1094 3825 arripuisset

170 3953 212 4018 (ι)
230 3951 316 4002 Oiai
343 3950 519 4002 testimouium
543 3949 596 4016 legi
620 3955 705 4017 potest
730 3949 750 3998 1.
774 3963 796 3997 c.
823 3945 886 3998 Lib.
909 3945 997 4012 XVI,
1018 3955 1033 4020 5
1051 3951 1093 4001 55:

133 4037 321 4092 iohannis
345 4047 431 4092 autem
460 4040 538 4090 rerba
570 4039 596 4089 iu
628 4037 719 4090 eodem
749 4037 870 4104 leguntur
903 4055 997 4107 opere,
1031 4039 1092 4091 Lib.

137 4128 230 4194 Vlll,
251 4145 273 4180 c.
292 4129 335 4181 to.
