2690 4790
525 397 705 458 -1tt-

123 581 269 648 duisisse.
309 583 360 646 Sic
375 583 457 646 enim
474 581 601 657 accidit,
624 593 661 648 nt
678 593 745 646 tum
771 583 862 646 etiem
886 583 1083 666 reformaret,

123 701 184 762 ubi
209 701 341 784 primum
359 699 596 764 emendationem
612 719 674 762 non
690 700 887 781 cogitaverat.
928 703 1018 782 cujus
1037 702 1085 764 rei

123 838 222 900 snpra
238 839 287 880 me
302 819 363 882 hoc
380 818 497 880 illudve
513 819 684 898 exemplum
700 835 934 882 commemorare
940 822 1083 898 memini;

123 956 223 1018 quem
237 938 277 998 ob
290 957 356 998 rem
370 958 388 998 a
401 937 538 1018 longiore
551 937 740 1018 expositione
758 937 812 998 hic
825 937 972 1000 abstineo.

167 1055 212 1115 In
232 1054 352 1116 ratione
366 1075 474 1136 porro,
492 1075 554 1136 qrra
572 1055 721 1116 Gustavua
737 1055 884 1136 aennon
900 1055 1091 1118 Ecclesiasti-

123 1190 203 1234 cum
218 1172 402 1246 emendavit,
422 1173 482 1235 alia
498 1182 588 1246 sunt,
611 1192 690 1253 qrrae
707 1175 741 1234 in
757 1175 818 1236 viri
839 1175 949 1236 summi
966 1192 1022 1234 nos
1039 1191 1090 1236 ra·

121 1288 222 1370 pinnt
248 1289 496 1364 admirationem,
527 1290 589 1352 alia
613 1309 686 1352 vero
714 1291 814 1352 minas
840 1290 998 1354 laudanda.
1051 1291 1091 1356 Ut

121 1408 213 1468 enim
230 1407 413 1487 plerumque
428 1426 544 1468 summa
561 1416 594 1468 et
617 1409 787 1470 constantia
812 1417 845 1470 et
868 1409 1032 1490 prudentia
1058 1419 1092 1474 ct

118 1525 251 1606 justitia
266 1525 357 1584 illum
380 1523 490 1602 egisse,
511 1523 679 1602 unicnique
703 1524 737 1583 in
754 1525 857 1586 oculos
874 1527 1022 1602 incurrit,
1045 1529 1092 1590 ita

123 1643 240 1724 negari
258 1659 321 1702 non
336 1649 436 1720 potest
449 1640 535 1718 justo
561 1641 691 1704 subinde
715 1644 971 1708 vehementiorem
999 1647 1090 1708 illum

124 1761 240 1835 ihisse,
273 1759 349 1839 quin
373 1759 436 1820 imo
471 1759 587 1838 injuste
622 1779 838 1843 nonnunquam
870 1763 961 1823 ilium
984 1766 1090 1843 egisse.

123 1879 282 1962 Longiore
299 1892 401 1944 autern
418 1881 493 1944 haec
511 1883 699 1963 expositione
716 1901 779 1942 non
796 1879 956 1958 indigent3
979 1881 1096 1961 quippe

125 2019 213 2080 quae
228 2001 262 2060 in
279 2000 463 2082 exponendis
480 2001 574 2081 ipsius
588 2000 627 2062 ad
640 1997 861 2060 emendandum
875 1997 1022 2076 Regimen
1035 1997 1093 2062 Fo-

125 2115 331 2180 cleaiasticmn
347 2118 507 2180 conatibus
524 2125 597 2178 ante
612 2116 787 2178 memoravi.

170 2237 316 2318 Superest
342 2238 456 2316 igitur,
488 2243 525 2294 ut
550 2231 704 2294 rideamus
728 2233 767 2304 de
785 2233 910 2296 Gestari
927 2242 1093 2296 conatuum

124 2353 189 2416 hac
205 2356 241 2414 in
258 2373 294 2413 re
312 2363 434 2414 eventa.
477 2353 572 2427 Quem
598 2353 624 2414 si
647 2351 853 2426 attendamus,
877 2353 969 2416 facile
986 2363 1089 2434 patet,

125 2471 279 2550 Regimen
296 2469 554 2544 Ecclesiasticum‚
578 2471 637 2532 etsi
660 2471 766 2530 multis
794 2470 968 2530 nominibus
987 2489 1093 2530 emen·

124 2587 252 2662 datum,
263 2595 264 2598 ’
275 2589 408 2650 multum
424 2589 601 2648 etiamnunc
617 2587 768 2648 laborasse
785 2585 879 2645 vitiis.
906 2586 1092 2666 Supererant

124 2707 212 2767 enim
229 2705 324 2766 Archi
333 2739 347 2750 ·
356 2705 520 2783 Episcopus
537 2713 570 2763 et
583 2703 738 2784 Episcopi3
760 2712 918 2783 supererat
931 2705 1028 2784 igitur
1041 2705 1091 2766 in·

125 2831 179 2884 ter
204 2820 430 2882 Ecclesiastioos
455 2822 646 2884 auctoritatis
673 2821 836 2882 discrimen
854 2829 885 2882 et
903 2821 977 2884 hinc
990 2821 1089 2882 dorni·

123 2938 223 3002 nandi
240 2921 467 3020 opportunitas,
491 2941 552 3002 imo
569 2960 641 3002 vero
663 2938 839 3001 dominandi
865 2939 984 3020 cupido.
1027 2938 1087 3002 Ne·

123 3077 189 3138 que
205 3058 250 3118 ita
267 3057 433 3140 Disciplina
445 3059 657 3122 Ecclesiastico
673 3069 740 3122 erat
757 3072 944 3144 comparata,
962 3074 998 3126 ut
1012 3085 1088 3146 pec·

124 3185 245 3237 catores
261 3176 299 3238 ed
317 3177 412 3238 vitem
429 3195 502 3237 rere
519 3177 720 3240 Christianam
737 3179 860 3242 ilectere
885 3192 995 3261 posset.
1025 3182 1086 3244 Ve-

123 3313 197 3355 rum
216 3291 340 3372 quidem
357 3301 419 3363 eet,
443 3293 610 3353 (iustarum
629 3295 814 3355 Cierieorum
830 3295 1006 3358 dominandi
1019 3307 1085 3358 stu·

124 3411 172 3472 dii
189 3409 314 3472 effectus
330 3408 525 3489 repressisse3
547 3427 648 3488 neque
664 3409 852 3488 negandum,
884 3413 1010 3472 meliora
1035 3431 1086 3474 re·

125 3549 196 3612 gem
213 3528 377 3608 cogitasse,
401 3545 470 3587 oum
489 3526 651 3607 Georgium
668 3527 800 3588 Norman
827 3527 1084 3609 Superintenden·

127 3657 190 3709 tem
208 3647 342 3719 diceret,
366 3647 417 3708 cui
444 3645 583 3727 Episcopi
605 3645 726 3716 cuncti,
751 3665 826 3726 quos
855 3647 1085 3710 ordinariorum

126 3733 251 3826 nomine
276 3783 455 3845 nuncupare
479 3764 611 3845 incepit,
641 3763 797 3826 subessent
814 3761 882 3847 (1);
904 3765 957 3826 sed
975 3765 1023 3826 rel
1040 3768 1083 3830 sic

163 4046 204 4116 (ι)
223 4043 281 4098 Hoc
296 4063 374 4116 quum
383 4051 469 4115 agerat
478 4042 625 4110 Gentesne,
636 4044 961 4116 RegiminisEecissirstici
971 4050 1081 4104 formam

124 4134 316 4205 episcopalem,
341 4151 408 4204 qnae
441 4132 525 4186 adhoc
555 4135 724 4202 obtinuerat,
743 4136 997 4207 compresbyteros
1018 4151 1082 4207 per.
