2668 4784
497 379 678 446 -123-

96 565 317 646 aliaque'pro
337 565 444 632 libitu
475 573 626 645 gerentes.
667 563 862 626 clericorum
886 583 960 628 voro
986 563 1071 628 redit

97 693 154 744 tus
174 683 260 762 qnod
277 684 405 757 attinet,
429 682 620 762 profluebant
636 681 688 756 hi,
712 691 748 742 ut
773 701 865 762 supra
882 681 1027 755 uidimus,
1048 702 1070 744 e

95 799 338 874 donationibus,
371 801 576 874 testamentis,
604 799 748 873 decimis,
780 798 921 872 mulctis,
941 798 1071 880 aliisque

93 917 252 980 fontibus.

137 1036 217 1098 lam
235 1055 310 1098 vero
326 1037 386 1100 alia
402 1047 468 1100 orta
484 1045 552 1100 erat
576 1052 682 1100 rerum
707 1036 810 1098 iacies.
851 1035 973 1098 Etenim
989 1035 1072 1097 Pons

94 1153 227 1214 tificum
244 1155 445 1220 Romanorum
459 1156 626 1218 auctoritas
638 1155 800 1235 profligata
813 1153 885 1214 fuit.
927 1153 1014 1216 Patet
1030 1152 1074 1218 ile

92 1269 159 1331 lud.
174 1290 240 1332 non
258 1281 378 1334 tautum
395 1292 434 1334 ex
453 1291 507 1346 eo,
536 1271 620 1351 quod
647 1273 797 1334 Gustatus
822 1271 934 1332 horum
961 1268 1073 1334 volens

94 1391 158 1450 tati
179 1390 307 1452 obedire
324 1391 501 1468 negaverit,
531 1389 585 1450 sed
612 1397 721 1468 sponte
746 1387 833 1452 idem
851 1388 1070 1470 sequebnura

92 1508 239 1572 decretis
255 1506 484 1579 Arosiensibus,
505 1506 715 1585 quippeqnae
732 1505 909 1569 facultatem
926 1516 993 1572 tam
1008 1506 1069 1568 eli·

93 1625 277 1706 gendorum
294 1623 605 1686 confirmandorumve
617 1622 911 1698 Ecclesiastieorum,
928 1634 995 1688 tum
1012 1624 1070 1686 de-

96 1741 273 1815 cernendi,
296 1751 373 1821 quot
392 1741 432 1802 ad
454 1742 549 1802 vitam
568 1740 793 1806 nntentandam
821 1741 971 1804 reditibus
999 1742 1069 1804 Gle-

95 1859 160 1922 rici
199 1859 391 1938 indigerent,
414 1877 581 1938 eorumque
605 1858 775 1922 facinorum
800 1859 975 1937 judicandi,
1003 1860 1071 1937 regi

94 1976 262 2038 dederant.
315 1975 582 2056 Archi-Episcopi
604 1986 637 2038 et
663 1977 879 2056 Episeopernm
903 1975 1070 2036 aucterita-

96 2102 165 2156 tem
196 2094 394 2174 abrogaverat
421 2095 589 2165 Gmtavus,
623 2113 693 2154 cum
710 2093 876 2166 monendo,
908 2102 974 2155 tum
996 2112 1071 2156 vero

95 2213 195 2278 etiam
212 2209 464 2292 reprehendendo
479 2207 715 2288 puniendisque5
746 2229 803 2270 nec
825 2210 925 2275 minos
950 2211 1070 2276 insensa

95 2327 177 2392 huic
198 2327 376 2391 auctoritati
404 2326 584 2386 exstiterant
609 2325 731 2388 decreta
748 2325 935 2403 Aresiensia,
951 2331 1068 2410 qmppe

98 2465 185 2526 quae
199 2443 561 2516 Excommunicationem,
584 2443 618 2502 in
635 2445 732 2504 causis
753 2445 865 2506 saltora
881 2446 1064 2520 levioribus,

96 2563 342 2643 prohibuerant3
363 2563 493 2622 mulctas
509 2561 700 2640 pecuniarias
716 2561 797 2638 regis
810 2561 929 2637 judicic
951 2562 1069 2628 submiq

98 2691 205 2742 serant
214 2689 247 2740 et
256 2679 398 2757 ajudicio
413 2678 498 2738 civili
514 2678 737 2738 immunitatem
743 2679 870 2742 Clericis
879 2680 1066 2760 eripuerant

98 2799 265 2860 Praeterea
273 2815 346 2856 vero
363 2795 640 2858 Ecclesiastieorum
648 2795 763 2857 reditus
771 2797 914 2860 diminuti
922 2798 1067 2877 iuuant,

98 2935 175 2976 nam
195 2915 343 2976 Gustavus
360 2933 423 2976 non
449 2923 568 2976 tautum
595 2914 711 2976 tributa
737 2917 776 2978 ab
802 2917 874 2997 ipsis
901 2927 1064 2997 exegeram

99 3052 211 3094 rerum
238 3033 330 3094 etiam
352 3033 475 3096 decreta
497 3033 669 3096 Arosiensia
695 3043 814 3109 terras,
839 3055 913 3116 quas
930 3055 949 3098 e
966 3037 1068 3101 donae,

102 3151 257 3224 tionibus,
280 3153 484 3226 testamentis,
508 3151 592 3227 aliis,
616 3154 747 3216 aGaroli
768 3155 876 3216 Canuti
892 3155 965 3218 inde
983 3166 1064 3220 tem-1

101 3287 196 3346 pore,
228 3267 361 3326 Ecclesia
387 3278 559 3344 acceperat,
597 3269 742 3345 legitimis
775 3270 938 3330 heredibus
972 3274 1067 3332 resti-

102 3393 230 3444 tuerant
248 3389 560 3460 testamentorumque
572 3382 697 3444 abusum
715 3385 945 3450 interdixerant.
988 3389 1065 3448 Ver·

101 3501 143 3564 bo
163 3511 199 3563 ut
216 3501 434 3579 delungamur,
466 3501 631 3581 Regiminis
656 3501 873 3578 Ecclesiastici,
906 3525 985 3586 quae
1010 3507 1064 3567 ad-

102 3619 168 3682 huc
195 3620 387 3694 obtinuerat,
420 3621 500 3682 ratio
526 3639 649 3700 prorsus
674 3629 790 3686 mutata
806 3621 917 3684 luerat.
958 3625 1065 3706 Neque

105 3739 180 3799 adeo
206 3739 334 3810 mirum,
364 3748 515 3798 mutatum
540 3739 619 3800 illud
644 3739 789 3820 Regimen
819 3743 1062 3805 Ecclesiastioum

104 3865 209 3938 postea
226 3875 285 3918 non
296 3857 642 3919 satisfuissedefinitum.
686 3860 833 3934 Quocirca
849 3862 882 3919 in
899 3861 978 3921 illud
986 3881 1060 3925 con-

105 3975 294 4036 stituendum
320 3997 443 4058 operam
460 3977 591 4040 eontulit
609 3979 767 4038 Gustavus.
810 3977 897 4052 Quod
914 4000 976 4062 quo
993 4001 1060 4044 rec·

107 4096 167 4157 tius
186 4093 272 4156 nobis
289 4105 408 4175 pateat,
438 4095 550 4176 duplex
576 4096 755 4157 instituatur
781 4094 952 4178 disquisitio
969 4119 1060 4185 opor·
