2668 4784
253 557 326 600 nere
342 557 375 598 se
390 535 561 618 abdicasse,
585 534 658 600 dom
681 535 734 596 alii
752 533 802 616 (1)
820 533 916 614 ipsius
940 533 1064 594 itineris
1090 551 1209 594 oausam

254 657 286 716 iu
303 674 340 716 eo
354 663 524 736 quaerunt,
549 653 632 735 quod
650 654 798 715 Gustatus
824 651 883 731 ipsi
909 649 1121 725 affirmaverit,
1147 670 1212 714 sesa

251 791 410 854 nunquam
430 772 519 834 illum
535 791 600 832 esse
621 772 807 851 agniturum.

292 889 355 950 lise
373 899 474 950 umen
490 889 633 952 Braskius
651 889 742 950 unios
761 906 798 948 ea
816 886 936 946 ratione
953 883 1211 946 deformationem

253 1008 423 1090 deprimere
445 1006 580 1081 studuit,
612 1015 649 1067 ut
675 1004 844 1066 iohannem
861 1001 911 1063 'ad
936 1001 1017 1062 illud
1033 1001 1210 1064 adhortare·

255 1133 328 1204 tur3
349 1143 455 1186 rerum
472 1125 537 1206 ipse
554 1125 646 1186 ouum
672 1124 840 1185 multorum
865 1121 980 1184 animos
998 1121 1036 1180 ab
1052 1120 1109 1180 illa
1126 1131 1214 1180 ποτε

255 1252 322 1304 tore
348 1241 547 1312 momatur„
569 1243 634 1317 Quo
660 1242 787 1304 oomilio
805 1259 876 1302 oum
893 1239 953 1300 alia
977 1239 1113 1319 peregit,
1148 1246 1216 1297 tum

254 1377 327 1421 raro
345 1360 438 1420 etiam
455 1361 615 1440 epistolam
637 1359 723 1422 dedit
749 1357 787 1420 ud
805 1359 886 1418 Ture
904 1356 1049 1428 lonsson,
1073 1362 1109 1414 ut
1125 1351 1214 1413 side·

257 1488 324 1550 tur,
349 1498 429 1558 quae
445 1479 567 1558 injuriis
586 1480 704 1559 repleta
723 1485 789 1540 erat
808 1477 843 1536 in
860 1494 926 1548 res,
949 1493 1023 1554 quas
1048 1470 1217 1532 meditaba-

257 1604 308 1656 tur
333 1595 483 1656 eurum
509 1614 611 1656 novas.
655 1596 737 1670 Quae
754 1597 900 1677 epistola,
925 1616 1021 1676 quum
1048 1615 1104 1675 per
1130 1611 1220 1654 omne

258 1731 388 1792 regnum
404 1709 547 1792 deinceps
574 1711 818 1791 dispergeretur,
850 1713 967 1793 ubique
994 1713 1140 1774 excitavit
1168 1722 1220 1772 tu·

259 1829 386 1892 multus.
448 1829 512 1891 llex
538 1828 633 1907 igitur
668 1849 724 1909 per
760 1849 849 1892 omne
882 1851 1012 1910 regnum
1049 1830 1218 1911 publicarit

263 1949 451 2030 apologiam:
473 1945 592 2004 »Fama
606 1944 645 2007 ad
661 1965 716 2006 nos
735 1945 835 2006 duan
853 1950 940 2021 est,”
964 1951 1084 2030 inquit,
1109 1979 1122 2007 ι
1139 1948 1221 2030 quod

263 2085 319 2148 per
345 2080 473 2144 reguum
499 2081 605 2124 rumor
631 2071 749 2144 serpat,
781 2062 920 2125 doetores
952 2086 1008 2128 nos
1035 2067 1223 2140 defendere,

264 2184 320 2264 qui
346 2181 436 2242 fidem
462 2181 663 2256 annuntiant,
695 2201 714 2242 a
739 2180 769 2242 J.
794 2181 826 2242 C.
856 2181 983 2263 ejusque
1007 2183 1222 2263 Apostolorum

264 2298 403 2360 doctrina
421 2295 645 2358 abhorrentem.
687 2299 750 2359 Nee
767 2317 913 2378 negamus
927 2299 1054 2380 quidem
1069 2301 1145 2363 alibi
1160 2301 1222 2368 dis·

267 2416 416 2478 sensionos
433 2416 472 2476 de
490 2415 550 2476 fide
568 2424 730 2477 commotas
748 2435 828 2487 esse,
853 2435 947 2494 quum
970 2417 1031 2475 viri
1057 2416 1141 2478 dooti
1169 2437 1224 2478 eu·

266 2535 368 2616 piant,
392 2543 429 2596 ut
445 2534 546 2596 variae
563 2532 794 2596 eonsuetudines
808 2554 918 2615 pravae
931 2532 1124 2604 aboleantur,
1143 2552 1228 2612 quae

270 2649 379 2712 sensim
397 2653 570 2730 sensimque
588 2660 694 2712 eontra
712 2653 743 2712 S.
765 2652 797 2712 C.
815 2653 997 2714 senteutiam
1010 2651 1043 2710 iu
1060 2648 1230 2710 Ecclesiam

268 2769 467 2848 irrepserunt.
497 2767 583 2826 Idem
599 2779 701 2828 autem
717 2769 860 2828 nonnulli
876 2772 909 2830 in
927 2789 1021 2850 regno
1039 2771 1149 2830 nostro
1159 2787 1229 2828 sen-

273 2889 365 2947 tiunt.
407 2883 469 2946 Alii
495 2903 585 2958 vero,
609 2885 667 2944 etsi
684 2885 755 2944 satis
773 2886 967 2965 intelligant,
991 2887 1089 2948 multa
1105 2885 1229 2946 obtinu-

273 3005 348 3075 isse,
371 3002 496 3062 minime
514 2999 680 3074 laudanda,
705 3003 909 3064 emendationi
937 3015 1038 3065 tamen
1064 3007 1228 3079 resistunt,

278 3127 464 3192 metuentes,
483 3137 522 3178 ne
540 3119 675 3198 ipsorum
693 3119 859 3180 auotoritas
876 3128 908 3179 et
925 3119 1051 3182 divitiae
1058 3121 1232 3183 mmmm-

278 3246 340 3297 tur.
384 3237 483 3311 Quum
500 3255 572 3298 vero
595 3239 780 3319 argumentis
803 3238 992 3319 propositum
1010 3236 1233 3320 suum‘assequi

279 3355 493 3432 nonpossint,
517 3355 635 3416 efficere
653 3357 732 3418 illud
749 3357 912 3420 mendaciis
938 3367 1105 3431 conantur,
1128 3359 1233 3439 perhi-

280 3473 403 3544 bentes,
427 3492 537 3534 novam
554 3473 659 3536 induoi
678 3475 777 3538 fidam.
821 3476 964 3548 Quorum·
983 3485 1148 3538 conatuum
1166 3493 1243 3536 oum.

283 3592 342 3652 hoo
359 3590 399 3650 sit
415 3593 620 3670 propositum,
654 3600 690 3650 ut
716 3591 889 3652 excitantur
908 3595 1075 3667 tumultus,
1099 3613 1150 3655 vos
1170 3611 1235 3653 mo-

284 3728 405 3778 nemus,
428 3725 468 3764 ne
485 3705 575 3764 fidem
592 3707 664 3786 ipsis
685 3706 838 3782 habeatis,
859 3729 917 3771 neo
939 3711 973 3770 in
993 3710 1103 3770 malam
1119 3719 1237 3791 partem

285 3823 543 3905 interpretemini,
568 3823 651 3902 quod
668 3823 760 3885 saluti
784 3835 901 3889 vestrae
920 3827 1077 3890 consulere
1091 3829 1236 3894 nitamur.

277 3973 550 3990 w

323 4067 362 4137 (ι)
380 4063 556 4132 Frijxell,
575 4064 593 4116 l.
610 4081 632 4115 c.
649 4077 720 4132 ppo.
