2690 4790
624 399 665 416 -·
688 368 807 438 teo-

243 565 361 626 nsum,
374 571 426 626 ea,
438 571 531 632 quam
539 552 688 627 diximum
704 552 890 616 auctomento
906 553 1030 623 nixum,
1042 565 1198 612 summas

241 672 275 734 in
291 670 401 732 succis
416 671 603 745 emendasse,
625 681 751 752 apparet
767 691 805 734 ex
822 669 946 742 lidioto,
969 666 1055 750 qnod
1071 666 1112 728 ad
1127 667 1198 730 cub-

243 789 323 852 ditos
340 808 410 852 snos
434 789 519 850 dedit
547 789 586 852 de
605 791 741 871 antiquis
765 799 797 852 et
823 786 1045 850 recentioribus
1070 803 1200 848 consue·

242 906 415 981 tndinibus,
438 927 550 988 quum,
573 907 628 968 di.
651 909 746 982 leta,
768 908 946 988 pacissima
970 899 1039 968 orta
1052 912 1131 966 esset
1149 922 1198 963 se·

240 1023 335 1100 ditio,
357 1024 436 1086 duce
453 1024 573 1086 Dackio
588 1025 719 1106 quodam
742 1023 808 1106 (lt,
831 1025 986 1106 multique
1007 1025 1047 1085 de
1068 1045 1106 1086 eo
1122 1043 1197 1105 que·

241 1151 402 1218 rerentnr,
425 1142 509 1223 quod
525 1142 776 1218 eonsuetudines,
804 1161 823 1206 a
849 1143 1023 1223 longissimo
1048 1161 1125 1203 aevo
1150 1161 1200 1204 re·

241 1271 361 1344 neptas,
383 1273 585 1326 mutarentur.
626 1263 764 1336 Etenim,
788 1270 824 1324 ut
850 1269 984 1334 caetera,
1007 1279 1085 1340 quae
1103 1279 1203 1338 argu·

242 1389 380 1442 mantum
407 1393 546 1444 nostrum
563 1401 626 1444 non
643 1388 799 1462 spectant,
822 1380 996 1452 mittamus,
1018 1379 1062 1440 ita
1079 1379 1202 1458 scripsit

243 1499 283 1560 de
298 1499 585 1572 consuetudinibus,
602 1500 636 1560 in
653 1499 787 1562 Ecclesia
799 1501 948 1577 receptis:
971 1527 983 1556 s
1000 1496 1027 1560 A
1043 1498 1137 1577 lengo
1155 1504 1204 1556 et·

242 1616 303 1676 iam
330 1633 405 1676 aevo
431 1635 489 1678 usu
514 1626 672 1696 receptum
697 1617 773 1689 fuit,
800 1627 836 1676 ut
862 1616 1003 1696 Episcopi
1030 1616 1207 1694 caeterique

243 1731 447 1796 Ecclesiastici
469 1734 586 1812 magnis
611 1735 768 1814 conspicui
784 1744 886 1794 essent
901 1733 1018 1794 divitiis
1035 1753 1206 1814 magnaque

243 1853 447 1930 anctoritate;
477 1850 678 1932 quodquam
704 1851 738 1910 in
765 1852 882 1930 patriae
909 1851 1053 1912 damnum
1080 1853 1199 1932 pntim,

246 1991 339 2052 qnam
355 1971 562 2044 commodum,
583 1970 723 2042 cesserit,
754 1970 889 2030 omnium
917 1978 1088 2049 temporum
1117 1969 1206 2030 docet

244 2089 382 2152 historia.
421 2091 520 2166 Quum
538 2098 640 2150 autem
658 2085 766 2150 suecia
780 2103 935 2166 nunquam
953 2087 1142 2162 sacerdotes,
1154 2087 1208 2149 sed

245 2225 332 2286 repes
345 2207 464 2285 potius,
484 2206 702 2285 gubernatores
728 2205 886 2286 agnoverit
912 2223 1060 2279 summos,
1083 2225 1207 2287 pravam

248 2321 498 2386 consuetudinem
523 2323 582 2382 hac
605 2325 697 2384 etiam
724 2325 758 2382 in
783 2343 819 2384 re
844 2323 1059 2384 emendandam
1086 2324 1206 2386 censui·

249 2459 334 2514 mus,
356 2457 397 2500 ne
425 2440 459 2500 in
484 2449 641 2521 posterum
660 2439 771 2500 Clerici
790 2440 876 2500 civili
889 2442 1032 2520 regimini
1049 2462 1083 2502 se
1100 2443 1209 2502 inmis-

248 2569 358 2638 eeant3
388 2579 495 2622 rernm
521 2557 718 2640 popularibus
744 2558 862 2618 eunctis
889 2557 1084 2638 Evangelium
1110 2579 1210 2639 expo·

249 2687 342 2752 nant,
365 2687 548 2757 caeteraque
570 2677 706 2738 muneris
722 2673 819 2737 efficia
832 2675 1008 2756 perficiant,
1031 2677 1135 2756 prouti
1157 2677 1210 2757 ip·

249 2797 290 2860 sis
307 2817 326 2859 a
342 2795 404 2858 lieo
418 2795 639 2876 praescriptum
655 2793 749 2854 fuit.”

292 2915 379 2976 Idem
396 2915 544 2976 Gustnvns
561 2911 728 2972 declaravit
753 2931 815 2990 que
842 2921 979 2992 tempore
1004 2913 1210 2977 Vestro-Go-
1328 2959 1329 2962 ,

253 3029 336 3090 thiae
353 3037 385 3088 et
402 2999 590 3088 Smdlsndiae
603 3027 736 3101 incolae,
760 3027 839 3088 duce
853 3031 992 3109 inprimis
1008 3031 1209 3093 ThureJons·

252 3163 324 3218 son,
348 3143 568 3204 tumultuantes
586 3141 712 3226 (1529),
745 3165 849 3226 regem
875 3153 1100 3225 accusaverint,
1129 3151 1210 3231 quod

252 3283 362 3328 novam
380 3263 526 3344 illamque
543 3262 728 3328 haercticam
751 3265 920 3328 doctrinam
946 3267 979 3328 in
1006 3269 1209 3330 Sueciamin-

254 3382 327 3445 duci
353 3391 501 3456 curasset,
524 3381 755 3462 Episcoporum,
779 3386 1046 3460 monasteriorum,
1069 3397 1102 3446 et
1128 3387 1211 3448 aedi·
1256 3451 1261 3464 ‚

256 3519 310 3562 um
327 3519 481 3562 sacrarum
496 3499 570 3578 jura
587 3509 619 3559 et
642 3502 802 3580 privilegia
825 3503 981 3564 invasisset
998 3513 1030 3564 et
1046 3503 1095 3565 his
1113 3504 1210 3564 omni-

257 3617 315 3678 bns
337 3616 552 3697 jusjurandum
576 3617 771 3695 neglexisset,
798 3637 860 3696 qno
886 3621 999 3701 populo
1028 3621 1154 3684 Snecico
1180 3641 1212 3684 se

256 3735 470 3798 obstrinxerat.
512 3734 588 3794 Tum
605 3737 686 3796 enim
708 3755 763 3796 rex
788 3755 851 3796 non
877 3747 1012 3814 tantum,
1037 3759 1139 3802 coram
1158 3741 1212 3802 Se*

266 3905 271 3954 '¹
292 3932 333 4003 (ι)
352 3931 394 3986 De
410 3932 459 3988 hnc
473 3931 618 3995 seditione,
633 3929 785 4000 plerumque
800 3935 979 4007 Dnokefajde
994 3935 1081 4002 dicta,
1098 3955 1127 3991 v.
1145 3938 1213 3990 Da-

266 4023 335 4084 lin,
354 4020 372 4072 l.
398 4037 461 4072 ce.
479 4021 516 4088 6,
535 4021 601 4090 M,
619 4038 661 4092 ¹9·
692 4017 1212 4099 Strinnhotm,'i'.111,p.407.

261 4131 287 4172 u.
303 4109 479 4181 Geijer,i.
498 4129 522 4164 c.
535 4131 564 4181 p.
580 4131 621 4184 99.
646 4109 686 4164 01
701 4126 761 4163 nus
778 4109 921 4166 Celsius
936 4111 971 4166 T,
985 4111 1034 4180 11,
1054 4133 1157 4185 pm.
