2690 4790
507 419 687 478 -103..

116 611 189 674 tur,
215 610 251 664 ut
269 602 436 676 videamus,
458 625 518 684 qen
545 605 668 668 tandem
688 606 810 668 cotim
830 605 1080 668 Christianorum

118 721 290 796 Succorum
308 743 405 785 mores
433 723 597 784 emendare
625 733 753 784 conotus
780 722 830 784 sit.
872 722 966 782 Plane
987 723 1078 788 aliam

113 845 239 912 tamen,
262 860 354 920 quam
371 842 405 900 in
423 842 549 902 caeteris
566 843 661 922 ipsius
678 842 717 904 ad
731 841 954 906 reformandam
972 840 1075 904 Eccle-

111 957 188 1018 siam
198 959 377 1033 conatibus,
389 959 441 1020 hic
449 960 588 1022 obtinere
596 961 762 1033 rationem,
781 960 921 1040 quaeest,
942 958 997 1038 qui
1014 977 1075 1021 uon

109 1073 316 1154 suspicetur?
344 1077 477 1150 Etenim,
497 1078 630 1156 jubente
646 1097 736 1157 rege,
760 1077 821 1138 alia
837 1077 1005 1156 Regiminie
1018 1075 1075 1138 Ec·

110 1191 279 1254 clesiastici
309 1192 405 1256 lcrma
436 1196 560 1256 institui
587 1203 746 1274 potuerat,
778 1215 836 1256 nec
868 1213 943 1256 vero
976 1193 1077 1255 minna

109 1310 271 1372 emendari
287 1323 431 1392 potuerat
449 1312 640 1382 subditorum
657 1313 830 1382 institutio,
853 1310 905 1370 sed
921 1299 968 1369 'ad
995 1310 1075 1389 regis

108 1438 226 1488 nutum
243 1430 308 1489 vita
326 1449 398 1488 vere
416 1429 587 1490 Christiana
603 1449 665 1490 non
688 1429 795 1488 itidem
812 1429 946 1490 invalere
960 1433 1071 1511 potuit

108 1545 148 1604 In
168 1545 232 1606 hoc
250 1547 330 1606 enim
349 1565 458 1624 regum
483 1546 594 1608 desinit
616 1548 798 1620 auctoritas,
821 1557 856 1608 ut
871 1548 910 1610 ad
927 1549 1008 1608 vitae
1023 1551 1073 1610 in·

107 1664 291 1742 tegritatem
309 1663 509 1726 adhortentur
525 1665 678 1738 subditos,
698 1675 733 1726 ut
747 1666 837 1726 variis
855 1665 999 1728 adhibitis
1015 1683 1071 1745 op·

105 1781 354 1860 portunitatibus
382 1783 420 1842 ad
452 1784 536 1844 illam
562 1786 649 1864 quasi
675 1785 730 1844 bos
756 1783 907 1847 adducant
933 1793 966 1842 et
990 1783 1071 1844 vitae

105 1919 223 1980 pravae
240 1901 362 1962 effectus
380 1902 528 1981 puniant;
550 1901 601 1964 sed
618 1921 714 1981 quum
732 1901 796 1962 vita
813 1919 885 1960 vere
903 1899 1072 1963 Christiana

99 2016 213 2094 juberi
227 2035 288 2078 non
305 2019 414 2098 possit,
439 2020 553 2100 quippe
570 2039 650 2098 quac
668 2020 700 2078 iu
719 2017 877 2078 hominum
896 2019 1004 2078 animis
1021 2038 1068 2080 se-

105 2133 179 2194 dem
197 2134 306 2208 habet,
328 2135 383 2196 illc
402 2138 483 2196 vitae
501 2135 690 2196 Christianae
714 2134 898 2196 instaurator
924 2135 1069 2198 dicendus

103 2262 170 2326 est,
196 2254 250 2333 qui
268 2254 306 2314 ad
323 2253 408 2314 illam
426 2252 580 2323 hortetur,
604 2251 746 2314 instituta
762 2252 820 2331 ipsi
836 2255 989 2318 contraria
1007 2255 1068 2318 tol·

103 2367 169 2442 lat,
202 2369 263 2428 alia
292 2367 330 2427 ad
357 2367 442 2426 illam
468 2368 699 2446 promovendam
726 2373 948 2434 accommodata
976 2375 1065 2436 insti·

103 2495 176 2548 tuat
193 2495 225 2546 et
242 2487 348 2565 poenis
364 2485 479 2546 idoneis
496 2485 708 2566 delinquentes
726 2488 760 2548 in
778 2489 902 2548 virtutis
916 2491 996 2549 viam
1014 2509 1064 2550 re·

100 2606 218 2668 ducere
235 2613 373 2666 conetur.
416 2605 581 2664 Gustavum
597 2601 674 2662 haec
687 2605 787 2666 omnia
800 2605 897 2684 egisse
909 2606 996 2665 brevi
1010 2626 1063 2667 er·

100 2745 225 2806 ponam.
269 2724 369 2797 Quum
385 2740 458 2783 vero
476 2737 567 2798 supra
584 2719 701 2798 saepius
717 2719 901 2782 documenta
916 2723 1058 2797 exhibui,

99 2861 119 2900 e
137 2839 252 2920 quibus
270 2847 354 2918 patet
371 2835 410 2898 ad
427 2837 520 2896 vitam
538 2836 740 2898 Christianam
757 2838 846 2898 illum
869 2840 1063 2902 adhortatum

99 2978 166 3020 esse
183 2968 216 3018 et
233 2956 455 3020 Ecclesiasticus
479 2964 511 3016 et
537 2955 657 3027 Laiccs,
684 2953 739 3015 bic
754 2954 809 3016 illa
827 2957 999 3030 mittamus,
1023 2958 1062 3020 ab

98 3097 136 3138 ao
163 3076 361 3157 incipientes,
395 3073 478 3156 quod
504 3075 589 3136 varia
613 3075 757 3136 instituta
773 3077 947 3152 sustulerit,
978 3079 1060 3140 vitae

99 3193 288 3256 Christianae
306 3193 371 3254 sere
393 3194 539 3272 opposita.
582 3193 619 3252 In
637 3193 748 3272 quibus
766 3194 952 3258 clericorum
966 3196 1058 3256 tuin

96 3312 316 3374 auctoritatem
341 3327 437 3387 quum
462 3307 536 3366 alibi
552 3307 673 3378 monui,
697 3309 729 3368 in
747 3328 870 3370 censum
892 3309 944 3370 hic
970 3311 1057 3370 veni·

96 3438 157 3492 unt
176 3427 362 3488 Clericorum
378 3423 503 3486 divitiae
519 3431 551 3482 et
564 3421 739 3483 coelibatus.
781 3423 819 3486 Ut
835 3425 916 3486 enim
934 3425 1059 3489 divitiae

96 3545 275 3628 superbiae,
298 3541 565 3622 intemperantiae,
588 3539 717 3620 aliisque
734 3541 817 3604 vitiis
843 3544 1055 3623 opportunitas·

98 3674 160 3726 torn
177 3663 398 3745 praebuerant,
422 3661 466 3722 ita
485 3659 653 3722 coelibatus
670 3660 708 3720 ad
726 3661 962 3726 concubinatum
979 3662 1054 3726 alia·

96 3803 160 3865 que
176 3782 292 3846 nefaria
310 3781 445 3844 facinora
462 3779 592 3843 Clericus
609 3778 786 3842 adduxerat.
828 3782 847 3842 J
849 3801 897 3844 ern
916 3801 989 3844 vcro
1006 3784 1054 3846 di-

97 3904 234 3962 minntae
251 3921 268 3960 a
286 3903 417 3962 Gustare
439 3897 566 3958 fuerunt
590 3898 775 3959 Clericorum
793 3899 934 3975 divitiae,
958 3904 1001 3964 ita
1020 3915 1055 3966 ut

97 4020 154 4082 illc
171 4019 378 4082 tantummodo
395 4017 571 4078 fruerentur
589 4015 707 4090 reditu,
732 4035 794 4096 quo
812 4015 850 4076 ad
874 4019 967 4079 vitam
994 4019 1051 4080 bc-

98 4146 186 4202 noste
201 4136 359 4198 visendam
384 4134 581 4214 indigebant3
612 4133 778 4196 coelibatus
805 4143 905 4196 autern
927 4138 963 4195 in
989 4137 1052 4194 dier

893 4251 949 4309 tl*
