2668 4784
115 561 183 621 eim
213 568 351 624 montani
376 575 409 626 et
432 571 694 651 eentumqniuque
721 576 839 636 rmtioi.
889 579 953 640 llos
978 591 1083 644 autem

114 669 199 757 quiid
227 684 426 760 speetaverit,
469 684 559 765 longe
593 685 806 768 disquisitione
840 693 923 756 haud
953 698 1080 780 iuiipet.

113 795 196 856 Nem
219 799 281 858 nisi
310 800 360 860 vel
387 821 440 876 ee,
464 823 542 882 quoe
559 814 649 866 antes
665 808 852 888 perseuerat,
884 814 956 874 satis
975 835 1081 897 super·

101 931 180 996 ¹tfue
208 914 274 976 hoe
301 917 571 994 demonstrassent,
603 923 698 1003 ipsius
724 928 913 1007 propositum
941 935 1082 1012 apperuit

112 1049 188 1090 oum
210 1053 252 1093 ex
270 1053 324 1108 eo,
347 1037 428 1115 quod
444 1037 562 1099 nobiles
580 1037 619 1099 ud
636 1042 760 1104 eomitia
785 1047 977 1108 aroessiverit
1005 1049 1084 1110 bene

111 1157 273 1226 urmetos;
296 1160 361 1212 tum
377 1153 516 1234 inprimis
536 1155 625 1230 inde,
649 1159 733 1238 quod
758 1161 865 1222 Oleum
883 1165 985 1238 Petri,
1010 1166 1081 1228 llio·

109 1266 259 1329 rurehiae
274 1269 480 1332 adversarium
494 1273 693 1348 noerrimum,
715 1295 819 1336 seeum
834 1279 967 1342 duxerit.
988 1283 1082 1346 Prae·

109 1386 225 1446 sertim
258 1407 333 1448 vero
367 1367 503 1450 mentem
534 1391 655 1467 aperuit
681 1393 747 1470 ipso
773 1393 839 1468 die,
872 1399 927 1477 qui
942 1402 1082 1479 proxime

109 1506 283 1564 unteoessit
309 1504 508 1566 Comitiorum
535 1505 783 1582 celebrationem,
816 1529 895 1592 quo,
928 1517 1082 1584 eelebruta

110 1639 234 1696 eoenu,
255 1623 416 1702 antiquum
425 1622 547 1684 sustulit
555 1625 685 1698 morem,
698 1645 776 1705 quo,
788 1637 950 1712 etempore
962 1637 1079 1700 Consti

111 1735 272 1812 Esiesou,
302 1741 416 1818 primes
452 1749 521 1820 post
556 1761 659 1820 regem
686 1744 773 1806 sellas
809 1748 1080 1838 Archi-episeopo

110 1864 145 1914 et
162 1855 321 1936 Episoopis
337 1857 566 1936 assignabantur
585 1857 642 1940 (1).
673 1863 738 1924 Rex
756 1868 839 1926 enim
855 1853 913 1930 hae
930 1885 1080 1953 opportu-

109 1973 217 2034 nitute
244 1973 376 2052 primum
398 1975 503 2036 ‘looum
535 1979 624 2056 regni
662 1979 859 2044 Senatoribus
896 1989 1077 2069 assignarim

111 2087 230 2150 deiude
238 2111 310 2152 vero
318 2092 436 2152 nobiles
445 2093 621 2166 eollooavit‚
633 2097 744 2178 hisque
758 2111 794 2162 ut
812 2105 949 2182 proxime
966 2109 1077 2170 asside-

109 2217 185 2268 rent
204 2208 363 2289 Episcopi,
383 2210 495 2286 jussit,
518 2219 584 2268 tum
602 2211 716 2274 iterum
736 2217 868 2294 nobiles,
892 2243 985 2303 porro
1001 2227 1077 2288 reli·

109 2343 192 2402 quos
211 2325 453 2399 lleolesiestioos,
478 2325 598 2388 tandem
614 2329 693 2392 eires
708 2343 740 2394 et
754 2339 883 2402 rusticos
902 2343 1075 2410 oollooavit.

108 2441 202 2502 Unde
239 2453 275 2502 ut
302 2453 443 2524 apparet,
484 2445 650 2509 (iustarum
675 2452 854 2514 meditatum
880 2475 944 2517 osse
970 2479 1075 2524 rerum

108 2577 269 2620 euorerum
297 2561 354 2622 hae
390 2564 620 2642 opportunitate
655 2569 873 2643 mutationem,
910 2574 955 2634 ite
982 2578 1075 2638 etiam

111 2675 204 2738 brevi
231 2687 302 2758 post
327 2679 439 2738 Clerioi
468 2678 545 2756 quid
583 2681 754 2758 tegiturent
787 2687 887 2766 palem
913 2675 1072 2756 iuuerunt.

112 2793 211 2862 Nam,
236 2813 331 2872 quum
351 2815 369 2855 e
386 2797 466 2875 regis
492 2797 600 2876 agendi
622 2802 757 2877 ratione,
790 2807 866 2887 quid
884 2809 940 2868 sibi
958 2829 1073 2892 propo-

107 2921 219 2986 neret,
252 2915 493 2993 suspiearentur,
517 2915 567 2976 die
593 2918 766 2999 insequenti
782 2922 848 3006 (2),
872 2927 905 2984 iu
924 2929 1070 3009 templum

105 3062 380 3080 w

142 3155 187 3225 (ι)
207 3153 250 3206 Ita
265 3151 389 3218 Botin,
408 3155 481 3219 l.e.,
501 3173 527 3209 r.
543 3155 654 3210 Daliu
671 3172 792 3229 secutus,
810 3167 857 3234 qui
874 3165 908 3218 'l'-
924 3168 975 3234 11,
992 3171 1067 3235 eb,

96 3271 98 3274 ·
106 3245 123 3310 p
141 3261 178 3296 12
200 3240 233 3292 ed
250 3243 374 3294 Canusii
388 3251 506 3308 tempora
522 3243 589 3294 hauc
601 3251 812 3302 cousuetudinem
826 3255 917 3306 refert.
934 3257 1068 3326 Laper-

105 3329 221 3395 bring
236 3329 340 3397 quidem
359 3329 402 3397 (T.
420 3327 470 3391 ΙΙ,
490 3345 513 3379 c.
529 3333 565 3390 8,
584 3335 599 3398 ᾗ
616 3335 644 3400 7)
662 3346 750 3402 putet,
772 3339 841 3390 hunc
864 3341 982 3394 ordinem
1008 3347 1067 3394 Gu-

107 3417 172 3470 roli
199 3417 378 3468 Sverkerson
407 3423 524 3482 tempore
546 3417 601 3483 jem
619 3420 783 3472 observatum
805 3424 897 3489 luisse,
924 3429 968 3478 sed
986 3448 1066 3497 quum

108 3506 381 3574 argumentantium
399 3503 576 3574 qnaesiwrit,
595 3506 667 3575 quod
691 3509 840 3562 Alexander
864 3509 929 3578 111,
945 3517 973 3566 in
994 3519 1065 3572 bullu

109 3595 239 3662 quadum,
256 3603 316 3664 post
331 3611 415 3662 regem
432 3594 600 3648 collocaverit
622 3595 784 3666 Episcopos,
809 3617 858 3654 uee
880 3606 942 3656 selis
966 3615 1067 3662 certum

110 3681 164 3734 hoc
180 3691 354 3751 argumentum
369 3683 445 3738 uobis
460 3683 595 3751 videatur,
611 3687 683 3739 illam
697 3691 778 3742 secuti
794 3709 880 3744 sumus
895 3695 1064 3764 opinionem,

111 3785 179 3838 quea
195 3773 276 3824 tutior
294 3773 438 3825 videbatur.

147 3861 187 3928 (α)
206 3860 304 3913 llarret
317 3860 423 3930 quidem
439 3862 580 3929 vertor,
602 3867 697 3919 laetum
714 3865 766 3918 hoe
788 3868 881 3929 luisse,
898 3881 1062 3946 postqusma

110 3965 197 4000 mense
211 3951 295 4004 luerat
309 3959 470 4018 surrectum,
484 3952 529 4004 sed
546 3971 625 4024 quum
636 3962 725 4006 ructor
738 3955 782 4006 ille
804 3959 925 4024 temporis
944 3969 1063 4022 ordinm

110 4037 182 4090 haud
193 4041 278 4107 magui
293 4041 438 4094 aestimasse
460 4041 536 4094 nobis
557 4044 625 4096 visus
642 4042 693 4109 sit,
721 4049 839 4095 coeteros
854 4047 940 4116 polius
952 4054 1063 4111 lristori.

111 4141 155 4182 cos
171 4128 253 4180 secuti
268 4145 363 4183 sumus·
