2690 4790
639 411 819 472 ..lu-

268 603 360 681 magis
378 601 412 660 in
429 597 660 661 desuetudinem
678 601 769 675 abiit,
802 595 1049 680 quandoquidem
1075 597 1229 659 Gustatus

267 719 394 782 clericis
419 718 557 799 permisit
572 719 763 779 matrimonia
781 717 878 790 inire,
902 717 963 776 imo
980 735 1056 777 vero
1072 715 1119 775 rei
1138 715 1229 777 iavit.
1330 779 1331 808 1

268 834 516 898 Honeste-iurum
539 855 602 897 nen
619 837 717 897 solum
739 833 988 896 diminuebantur
1005 833 1227 914 possessiones3

271 955 325 1016 sed
342 957 434 1016 etism
451 954 605 1015 nobilibus
621 955 711 1035 plura
724 956 757 1013 iu
770 953 896 1013 seudum
914 951 1128 1023 tradebantur,
1148 951 1228 1029 qui,

154 1078 160 1094 '
275 1093 370 1154 quum
387 1093 478 1154 parea
494 1072 654 1134 Monachus
672 1081 704 1132 et
718 1069 860 1132 idoniales
876 1078 1098 1142 sustentarent,
1122 1068 1231 1128 effeee-

189 1211 197 1232 ·
274 1199 365 1263 runt,
390 1201 426 1252 ut
442 1189 476 1250 hi
494 1191 634 1251 claustris
652 1191 773 1250 exirent
789 1199 882 1269 atque
900 1189 959 1248 sibi
978 1189 1102 1268 suisque
1121 1185 1232 1265 eonju-
1330 1171 1331 1266 i

276 1309 365 1389 gibus
383 1285 549 1370 laborando
565 1310 616 1370 vel
632 1307 768 1370 doeendu
785 1308 903 1368 vietum
929 1313 1118 1386 quaererent.
1160 1303 1235 1364 Lai·

275 1445 384 1488 eorum
408 1427 531 1498 tandem
557 1445 656 1488 mores
679 1425 762 1507 quod
787 1427 915 1498 attinet,
938 1443 976 1486 eo
993 1425 1041 1484 his
1059 1423 1232 1497 consuluit,

278 1543 364 1622 quud
371 1543 511 1624 abrogari
520 1545 672 1606 erraverit
681 1543 846 1617 nonnulla,
870 1543 1049 1624 quaeritiis
1067 1543 1235 1603 viamstra-

280 1667 397 1720 reraut.
440 1661 576 1733 Quorum
584 1681 681 1722 unum
696 1661 757 1722 hue
772 1679 1008 1722 commemorare
1024 1661 1118 1721 liceat
1134 1679 1236 1720 exem·

281 1777 385 1858 plum,
409 1775 491 1857 quod
507 1776 783 1838 dierumfestorum
791 1776 1236 1856 numerumdimiuuijusserit3

282 1896 353 1976 qui,
367 1904 403 1956 ut
419 1913 510 1975 supra
526 1893 661 1954 ridemus
679 1913 697 1953 e
712 1893 841 1954 Goneilii
859 1895 1071 1955 Oerehroensis
1090 1895 1239 1955 sociorum

284 2015 452 2087 tentantia,
483 2014 671 2074 occasionem
688 2012 780 2072 eitius
809 2013 978 2094 pereundi,
1020 2031 1112 2092 quum
1145 2011 1240 2070 Deum

283 2131 422 2204 erlandi,
449 2132 699 2192 subministrant.
749 2129 843 2189 Porro
869 2145 942 2188 vero
967 2127 1117 2188 Gustavus
1144 2127 1240 2188 multa

285 2248 424 2308 instituit
440 2247 479 2307 ud
505 2247 722 2309 emendandam
741 2247 981 2308 Christianorum
1000 2247 1104 2306 vitam.
1145 2245 1238 2317 Nam,

283 2371 408 2444 praeter
426 2361 529 2424 edictu
553 2363 718 2437 nonnulla,
749 2365 829 2444 ipsos
848 2364 1014 2424 Sueeorum
1040 2383 1137 2424 meres
1155 2383 1242 2444 spec-

288 2481 387 2541 tantia
404 2477 470 2560 (1),
502 2488 679 2553 curaverat,
710 2487 747 2540 ut
773 2499 790 2540 u
824 2483 927 2561 pueris
961 2483 1033 2542 inde
1065 2485 1100 2543 in
1133 2485 1244 2546 scholis
1330 2539 1331 2566 ,

287 2597 381 2660 dueei
397 2596 543 2658 morale·
563 2597 719 2658 doetrinae
737 2597 924 2659 Christianae
940 2600 1070 2660 indolem
1086 2601 1244 2683 intellige·
1330 2621 1331 2650 ι

288 2724 370 2776 rent.
414 2715 444 2776 S.
463 2716 546 2776 enim
565 2716 635 2776 (iod.
651 2717 790 2776 versione
806 2735 868 2776 nun
885 2717 1013 2797 amplius
1039 2729 1127 2778 erant
1153 2721 1245 2780 desti·

283 2833 353 2894 ,tuti
370 2841 404 2892 et
420 2851 516 2912 quum
531 2833 565 2892 in
593 2832 777 2893 Cleriuurum
799 2851 962 2894 numerum
989 2835 1012 2894 ii
1038 2839 1246 2900 tautummodo
1330 2871 1331 2914 ι

284 2952 520 3029 reciperentur,
552 2951 608 3031 qui
633 2949 672 3011 ad
697 2950 829 3012 ductoris
855 2969 964 3012 munus
1000 2953 1103 3015 idonei
1140 2967 1243 3029 erant,

295 3083 453 3144 quumque
470 3066 504 3123 in
522 3065 645 3126 aedibus
662 3068 754 3127 saeris
780 3069 890 3129 ritibus
909 3070 1051 3131 inanibus
1067 3071 1247 3153 plerumque

293 3181 370 3244 tales
387 3182 643 3258 instituebantur,
668 3183 772 3264 quales
799 3184 971 3247 erudiendis
990 3191 1108 3250 cunetis
1126 3192 1248 3270 egregie

296 3304 445 3366 inservire
462 3312 601 3384 possent,
613 3323 721 3385 magua
729 3325 767 3366 ex
776 3304 824 3366 his
832 3303 1001 3366 redundare
1014 3308 1116 3386 potuit
1132 3307 1248 3368 utilitas

294 3421 589 3484 inchristianorum
606 3425 710 3487 vitam.
752 3425 882 3487 Tandem
900 3425 992 3486 etiam
1011 3425 1170 3486 emendata
1187 3426 1247 3487 dis-

295 3539 426 3619 ciplina,
439 3541 639 3615 elericorum,
658 3539 870 3602 nonachorum
887 3551 919 3601 et
933 3542 1090 3603 Laieorum
1107 3545 1172 3604 vita
1187 3563 1248 3604 non
1330 3593 1331 3608 ι

297 3659 401 3738 potuit
417 3677 480 3718 non
495 3658 628 3718 multum
645 3656 806 3718 emendari.
850 3657 1034 3720 Clerieorum
1052 3662 1134 3720 enim
1157 3681 1176 3722 a
1195 3661 1247 3740 ju·

299 3773 382 3838 dicio
398 3775 671 3837 uiriliimmuuitas
686 3772 883 3853 impediverat
895 3777 1076 3859 plerumque
1089 3779 1248 3858 quominus
1330 3801 1331 3808 ¹

296 3939 549 3959 ...ΙΙ-ιι-ι-ή

333 4031 385 4101 (rt
394 4033 460 4088 Prae
478 4034 538 4090 aliis
551 4033 641 4087 edictis
654 4035 904 4088 commemorandum
918 4042 974 4095 est,
990 4037 1061 4103 quud
1077 4035 1110 4089 de
1125 4037 1245 4092 meretri·

287 4121 344 4190 ¹‚cio
357 4122 500 4194 publicarit
514 4123 692 4178 interdictum.
707 4122 825 4192 Iiiihs,
841 4127 860 4179 Ι.
879 4143 902 4206 r.
918 4123 952 4176 T.
963 4121 1007 4176 111
1018 4159 1027 4192 ,
1039 4125 1074 4181 L.
1084 4125 1132 4192 X,
1154 4131 1171 4197 t
1188 4125 1245 4182 205.
