2668 4784
659 350 841 410 -13t-

271 541 329 602 laec
345 557 435 620 agere
451 541 509 602 Juu
527 541 712 604 Canonieum
727 533 886 615 probibuit
904 533 962 616 (1).
994 535 1160 598 Praeterea
1175 555 1225 598 ve·

270 675 307 720 ro
323 659 357 718 lui
370 657 492 739 judiees
510 659 622 720 talibuu
648 660 752 722 Laiooa
773 657 879 740 poenis
905 655 1039 718 affecisse
1063 655 1224 728 ridentur,

269 777 376 858 quala
403 797 421 839 a
449 777 607 839 doetrinae
633 777 821 840 Christianae
847 775 950 837 indole
976 775 1049 836 satia
1080 774 1227 836 abhorre-

270 893 414 976 mnata).
442 894 590 968 Quocirca
606 894 771 971 Gnataruu,
789 894 842 956 Ρ.
862 895 958 966 1520,
975 893 1141 955 Oerebroae
1158 893 1230 954 cle·

268 1009 342 1074 rieiu
367 1012 501 1074 Sueoioia
528 1013 715 1087 oonroratia,
740 1013 894 1076 emendari
917 1013 1067 1073 nonnulla
1090 1011 1227 1084 amarit,

271 1150 351 1212 quae
368 1127 556 1192 emendanda
573 1129 761 1193 riderentur.
805 1133 871 1207 Qua
886 1131 985 1211 igitur
1001 1131 1231 1210 opportunitate

273 1248 431 1310 decretum
448 1247 527 1324 luit,
550 1255 604 1322 ut,
627 1248 729 1310 »dum
747 1248 804 1310 inu
821 1250 1004 1311 canonicum
1019 1247 1138 1327 aliquot
1155 1265 1232 1308 oon-

272 1365 375 1427 rtituit
401 1367 513 1445 gradun
539 1368 694 1448 sanguinis
710 1375 744 1428 ot
760 1367 929 1442 affinitatis,
949 1369 983 1428 in
1000 1365 1110 1446 quibua
1129 1365 1234 1426 noluit

268 1483 498 1544 matrimonium
518 1503 583 1544 eaeo
601 1485 861 1560 contrahendum,
884 1505 960 1568 quoe
978 1484 1089 1565 gradun
1105 1483 1233 1544 verbum

269 1601 324 1662 liei
340 1621 403 1662 nen
420 1603 582 1682 prohibet,
606 1605 671 1679 illi,
705 1605 817 1684 quibua
841 1605 913 1666 data
938 1613 984 1664 eut
1010 1611 1145 1685 potestas
1170 1603 1234 1662 clla·

268 1719 415 1801 penaantss
431 1721 464 1780 in
481 1721 531 1780 hio
547 1723 666 1783 caribus
683 1724 783 1798 Eool,
805 1734 968 1786 uterentur
977 1721 1122 1784 libertate
1129 1721 1232 1782 Ecclo·
1323 1697 1324 1712 ἵ

270 1839 332 1899 aiae
349 1847 381 1900 et
398 1837 478 1900 (latia
503 1839 646 1919 gravibua
673 1843 771 1902 cauria
797 1841 971 1902 relaxarent
995 1840 1232 1920 prohibitionem

270 1955 427 2040 Populum,
451 1961 496 2022 ita
512 1969 613 2022 tamen
631 1969 668 2021 ut
693 1958 783 2020 timul
810 1966 971 2031 caverent,
992 1977 1034 2018 ne
1050 1956 1234 2039 dispensatio
1323 2017 1324 2020 ,

305 2219 345 2288 (ι)
363 2215 521 2284 liujurrnodi
536 2215 632 2285 gradun
642 2211 873 2288 (Gudeiswolug)
892 2215 1043 2268 oriebantur
1059 2225 1086 2270 et
1103 2235 1117 2268 e
1132 2215 1235 2283 baptis·

269 2321 315 2358 nro
329 2313 384 2358 ete
401 2304 498 2359 ritibus
514 2305 667 2368 nonnullia,
685 2305 840 2371 baptismum
856 2307 912 2358 aire
928 2303 1158 2368 antecedentibus,
1175 2305 1236 2356 sire
1323 2327 1324 2355 r

271 2393 439 2464 aquantibus
455 2393 668 2464 (primaigning
689 2401 715 2444 et
727 2393 950 2466 fiirmningen).
984 2391 1106 2460 Etenim,
1126 2394 1174 2462 qui
1195 2393 1236 2446 bio

271 2485 368 2536 ritibus
388 2483 574 2544 interfuerant,
596 2481 771 2550 compatribur
793 2489 820 2534 et
836 2483 1021 2536 commatribus
1045 2501 1097 2534 non
1119 2486 1234 2550 licebat,

272 2589 360 2643 nequa
374 2589 433 2625 curn
447 2570 570 2640 patrinis,
588 2587 636 2622 nec
649 2587 734 2622 recum
749 2571 1047 2637 invicem,matrimouia
1066 2569 1237 2624 contrahere.

273 2663 533 2732 Lagerbring,
550 2661 571 2714 l.
588 2676 611 2712 c.
629 2659 663 2712 Τ.
681 2660 734 2727 ll,
752 2677 776 2714 c.
791 2679 840 2735 ¹9·
860 2667 877 2734 t
895 2680 921 2734 9.
946 2659 1112 2726 Baelter,
1130 2662 1149 2712 l.
1167 2678 1194 2714 c.
1210 2681 1237 2731 p.

273 2751 334 2822 447.
359 2749 587 2813 'l'homaeua,
606 2749 765 2816 berniz.

310 2841 351 2910 (a)
369 2834 464 2908 Qualia
479 2837 654 2906 poenitentiae
666 2839 754 2902 ratio,
773 2846 831 2890 ante
848 2855 934 2890 rerum
949 2856 1081 2891 sacrarum
1096 2839 1124 2890 in
1142 2839 1236 2892 Saucia

275 2925 501 2990 emendationem,
520 2929 548 2978 in
563 2926 612 2978 hac
630 2929 734 2996 regione
749 2929 909 2992 obtinuerit,
929 2945 1009 2979 unum
1023 2927 1073 2980 hoc
1090 2930 1237 2996 exemplum

274 3015 335 3066 ertia
351 3029 481 3081 unperque
498 3014 589 3066 ducem
612 3015 646 3064 Si
662 3031 723 3081 quo
740 3025 835 3066 mater
850 3017 997 3086 infantem
1013 3031 1098 3068 uuum
1115 3033 1240 3087 appree-

275 3099 510 3164 rerit,trierrnio
521 3101 713 3172 poenitentia
730 3119 795 3154 cum
811 3103 906 3155 tribur
923 3106 1041 3158 corenie
1050 3105 1080 3156 ei
1088 3105 1174 3156 debet
1187 3107 1238 3156 irr-

270 3188 370 3262 jungi.
398 3191 498 3261 Quare
515 3191 560 3241 ric
574 3207 679 3260 penam
696 3189 835 3262 expleat,
860 3199 894 3242 ut
908 3192 1003 3243 tertia
1018 3201 1050 3242 et
1066 3193 1239 3263 quintafe-

275 3279 328 3330 rio
338 3277 476 3349 piscibus
492 3291 648 3346 vercotur,
671 3299 732 3354 quo
749 3281 894 3352 completa
905 3284 1022 3350 poterit
1038 3281 1076 3332 ob
1085 3279 1237 3352 Episcopo

279 3367 312 3418 in
328 3368 496 3421 Ecclesiam
513 3369 685 3436 introduci,
704 3375 753 3424 ita
770 3379 887 3436 tumen,
911 3371 987 3441 quod
1009 3371 1147 3422 residua-r
1162 3373 1238 3422 duae

277 3457 443 3527 compleat,
453 3456 565 3510 habent
574 3459 769 3512 licentiam?
777 3467 807 3510 et
810 3467 867 3528 5¹¹⁰
871 3460 960 3530 sario
970 3467 999 3510 et
1010 3459 1141 3510 Sabbata
1156 3475 1236 3510 com·

279 3545 382 3596 edendi
403 3547 512 3616 piacet.
543 3546 683 3598 Obaeroet
700 3563 814 3616 quoque
832 3547 865 3597 in
886 3545 1137 3617 quadragesimali
1159 3556 1236 3598 tem·

274 3637 349 3703 'pore
366 3631 627 3685 trerltebdomoder
640 3635 843 3705 eircajeatum
861 3635 901 3684 8⁸¹
908 3635 929 3686 J
930 3635 1056 3687 ohannis
1068 3645 1098 3686 et
1105 3644 1166 3686 tren
1173 3635 1236 3686 cir·

279 3723 442 3790 cusentum
468 3719 507 3770 δ”
522 3720 685 3772 Michaelis
700 3730 731 3772 et
748 3730 845 3774 totum
871 3725 1042 3788 adventum,
1071 3724 1103 3776 in
1127 3721 1236 3794 quibua

277 3824 333 3876 per
347 3819 451 3862 uentae
459 3810 563 3879 feriar
581 3808 613 3858 in
626 3825 707 3878 pune
722 3817 753 3862 et
770 3826 850 3882 aquo
868 3811 1051 3875 remanebit,
1068 3811 1160 3864 donec
1172 3811 1234 3864 tri-

281 3897 401 3948 ennium
425 3899 609 3950 terminetur.
643 3895 854 3966 Lagorbrin
864 3919 896 3968 g,
919 3899 1063 3966 ¹1¹.11,c,
1083 3901 1135 3965 14.
1154 3903 1172 3972 ᾗ
1192 3900 1234 3953 15.
1306 3893 1307 3899 ¹

278 3983 418 4040 Caeterum
434 3987 556 4042 historiae
572 3987 738 4056 disciplinae,
756 3989 784 4040 in
808 3987 899 4042 Suecia
918 3987 1042 4054 unitatae,
1061 3996 1228 4058 conspectur,

276 4075 345 4148 apud
362 4075 530 4142 Eruitur,
550 4079 569 4134 l.
587 4093 609 4130 c.
629 4083 655 4146 p.
671 4076 730 4132 582.
