2690 4790
628 361 810 424 -176-

244 569 305 634 qne
320 557 424 612 uostm
441 567 601 614 nomenen-
642 550 690 612 ln
705 557 808 610 numm
823 545 882 610 hoo
897 565 988 622 eave,
1012 545 1206 628 Archi-epis-

246 669 339 752 oopel
361 668 512 730 siseltem
528 667 680 730 molestias
698 687 717 729 a
735 677 766 728 te
778 666 932 748 depellere
947 667 1073 747 onpias'’
1095 665 1155 748 (1).
1174 720 1177 728 .
1197 699 1203 730 :

284 783 393 848 lleiert
409 805 480 848 sane
496 785 573 848 heeo
583 786 708 848 (instari
715 784 825 866 egendi
835 785 915 846 ratio
923 802 1208 864 regem„enmmsm

246 903 347 966 sibiin
360 905 764 966 reeonnotasanntoritatem
771 903 1002 977 oonoiliantem,
1023 921 1210 967 verumenm

246 1019 297 1084 his
313 1019 437 1096 studiis,
455 1020 589 1102 politicis
606 1020 734 1083 lortssw
751 1020 907 1094 dioendis,
931 1019 1134 1088 emendandae
1147 1021 1207 1084 Eo*

248 1139 360 1202 olmiae
377 1137 560 1202 desidorium
577 1147 640 1202 tam
657 1150 743 1202 arete
759 1151 826 1204 erut
852 1143 1069 1222 oonjnnotum,
1093 1151 1129 1202 ut
1150 1141 1211 1203 lroe

246 1256 286 1320 alr
302 1256 365 1318 illis
381 1259 435 1320 rix
451 1257 618 1338 dignosoas.
639 1257 733 1332 llam,
756 1259 829 1318 dnm
844 1258 883 1322 ab
896 1259 994 1320 altera
1010 1264 1095 1338 parte
1107 1255 1212 1318 Even-

224 1377 414 1456 pelieomm
432 1375 592 1442 conatibus
610 1374 733 1436 lortiter
761 1377 893 1450 restitit,
917 1385 1067 1456 qnatenus
1090 1375 1125 1434 lri
1148 1393 1208 1454 po-

247 1492 370 1574 pulares
387 1493 426 1554 ad
444 1493 623 1556 seditionem
640 1492 785 1574 pellioere
799 1495 986 1574 potuissent,
1009 1494 1212 1556 itatamenelr

247 1609 344 1673 altera
360 1611 453 1670 etiem
469 1621 558 1691 parte
575 1611 631 1674 hoe
645 1611 882 1686 adhortabatur,
906 1621 942 1672 ut
968 1610 1138 1692 prudenter
1152 1631 1213 1673 res

247 1745 345 1790 sacrae
362 1725 559 1788 emendarent
576 1737 609 1786 et
625 1747 753 1789 munere
775 1747 847 1801 sno,
870 1737 907 1788 ut
932 1729 1052 1790 scilieet
1075 1727 1213 1790 doctores

250 1855 367 1922 essent,
390 1845 451 1908 rite
468 1843 681 1924 iungerentur.
726 1846 920 1925 Quantopere
936 1865 1009 1906 vero
1033 1846 1093 1908 hae
1118 1848 1151 1906 in
1177 1865 1213 1908 re

250 1965 309 2026 sibi
327 1964 502 2026 eonstiterit
520 1964 685 2036 Gustavus,
705 1961 793 2022 nobis
810 1963 987 2042 apparebit,
1011 1963 1066 2024 nbi
1090 1973 1214 2044 reputa-

250 2082 400 2158 verimus,
424 2081 550 2144 Braslsio
566 2081 658 2142 etiam
677 2079 767 2140 illum
791 2081 940 2153 vetuisse,
974 2101 1016 2142 ne
1041 2081 1128 2142 libris
1152 2083 1215 2144 suis

251 2199 471 2264 reformationi
487 2198 664 2260 detrimenti
677 2195 754 2277 quid
770 2197 900 2260 afferret.
922 2199 981 2262 Res
995 2221 1092 2262 seoras
1110 2211 1216 2262 emend

253 2317 326 2378 dare
352 2335 390 2376 ex
418 2314 522 2374 indole
551 2323 584 2374 et
611 2315 782 2396 praeceptis
803 2316 833 2376 S.
865 2316 935 2378 Cod.
967 2319 1048 2398 regis
1075 2319 1119 2399 pii
1148 2327 1217 2379 erat

257 2435 448 2518 propositum
467 2441 500 2494 et
519 2433 582 2494 sive
602 2431 794 2492 llierarohiee
803 2431 953 2506 vindices,
973 2433 1221 2514 sireEvengeliei

256 2553 331 2618 hnio
345 2554 501 2636 proposito
515 2552 760 2635 refragarentur,
777 2571 835 2612 neo
850 2552 898 2614 his
917 2575 974 2616 neo
992 2556 1054 2618 illis
1069 2562 1218 2639 pepercit.

298 2673 458 2754 Superest,
482 2681 656 2750 etagamus
678 2673 718 2734 de
733 2674 903 2754 perieulis,
928 2696 1004 2754 quoe
1025 2677 1221 2736 entrieeeorse

257 2787 416 2848 doetrinae
426 2787 651 2868 desepel's'noe,
669 2790 706 2849 iss
723 2792 836 2851 Suesia
851 2793 919 2871 jam
939 2803 1094 2874 reeeptee,
1118 2793 1223 2852 immi-

262 2905 389 2966 eslans.
431 2905 574 2968 Primum
603 2909 699 2988 igitur
719 2906 781 2968 huo
800 2907 901 2969 resero
921 2907 1041 2968 Braskii
1061 2911 1100 2970 ed
1120 2911 1223 2970 vindi-

262 3021 387 3082 candam
408 3025 564 3102 antiquam
583 3025 749 3102 Religionis
769 3024 897 3085 formem
935 3037 1071 3088 conatus.
1126 3029 1226 3088 Nimi-

263 3155 333 3196 rum
358 3135 411 3197 hie
439 3133 561 3197 denseta
589 3139 778 3212 Arosiensie,
807 3141 919 3220 quibus
939 3153 972 3203 et
992 3145 1173 3206 anctoritate
1193 3156 1228 3206 et

267 3253 383 3316 divitiis
392 3254 586 3338 privabatur,
607 3257 772 3338 aegerrime
790 3257 907 3335 serens,
931 3261 987 3320 snb
997 3263 1176 3324 visitationis
1192 3263 1229 3322 in

266 3375 450 3438 Gothlandia
468 3375 672 3438 instituendae
691 3388 869 3458 praetextu,
901 3377 1078 3440 llantisoum
1098 3381 1229 3460 aufuge-

268 3502 317 3554 rat
337 3491 458 3574 (1527).
501 3493 566 3567 Qua
592 3495 626 3554 iu
651 3495 728 3556 urbe
755 3496 885 3576 degens,
908 3517 970 3558 non
988 3507 1108 3560 tentum
1128 3500 1229 3560 ubivis

263 3649 525 3666 m

305 3753 344 3822 (ι)
363 3751 410 3802 Do
426 3750 437 3802 ι’
455 3748 571 3820 derfo're
586 3749 725 3804 salensi
748 3751 902 3822 owisligen
920 3755 1096 3824 sb'relngen,
1121 3757 1156 3808 eci
1177 3756 1231 3807 be·

263 3839 346 3912 falle
362 3839 423 3902 wi,
441 3837 575 3907 attfrdn
595 3837 693 3888 denna
707 3835 802 3904 dages
821 3835 900 3888 inter
924 3843 973 3891 uti
995 3843 1233 3912 reformationem

262 3925 320 3998 scir
328 3928 508 3995 siretages,
528 3925 605 3976 inter
622 3923 760 3990 tryelae,
783 3943 832 3978 oen
848 3927 1008 3996 otitsporda
1026 3931 1080 3980 onls
1095 3929 1196 3984 alelen
1220 3933 1233 3980 i

273 4011 447 4082 erlebs'ekop
470 4013 575 4063 hdrutr'
600 4025 677 4080 noga
701 4019 776 4080 tago
798 4014 866 4068 eder
893 4014 947 4066 till
969 4033 1073 4086 soora,
1097 4019 1198 4070 derret
1221 4021 1235 4069 r'

271 4099 368 4168 wiljen
385 4099 527 4153 undwika
545 4097 713 4170 olc'igendet.
729 4101 748 4152 Ι.
766 4119 789 4154 c.
886 4139 890 4146 ·
