2698 4792
654 352 817 412 —le-

263 542 495 624 comparaverit,
518 557 574 620 per
591 537 675 618 quod
691 535 771 598 idem
786 533 867 598 sslue
888 537 923 597 iu
950 537 1113 600 Germania
1141 536 1220 600 aliis.

268 681 328 744 que
344 661 481 740 Europae
508 656 699 737 regionibus,
724 654 874 718 Lutberus
903 655 1018 735 aliique
1045 655 1222 718 elieeerunt.

268 781 308 840 At
325 797 397 840 vero
413 777 488 840 bree
505 776 662 838 haetenus.

385 1014 539 1075 emtam
560 1032 665 1072 rerum
685 1030 847 1074 serrarum
867 1011 1118 1071 emendationem
1223 1066 1231 1078 ,

570 1149 762 1212 praeparere
780 1131 905 1213 incipit.

309 1367 470 1446 Postquam
498 1369 663 1436 Gustarus,
695 1374 731 1424 ut
762 1385 855 1445 supra
880 1367 1002 1440 monui,
1035 1367 1070 1426 in
1099 1367 1228 1429 comitiis

271 1482 690 1563 Strengnesensibusllbbii),
714 1484 875 1564 imperium
897 1485 1022 1566 adeptus
1039 1485 1162 1560 luerat,
1180 1503 1228 1546 re·

271 1622 338 1662 rum
364 1620 517 1662 sacrarum
534 1601 784 1661 instaurationem
806 1622 987 1683 praeparare
1003 1605 1132 1686 incepit.
1174 1604 1229 1665 Fa-

271 1727 331 1788 eile
347 1725 428 1786 enim
446 1718 618 1790 intellexit,
642 1738 704 1778 non
730 1739 792 1780 uno
821 1722 964 1802 temporis
982 1723 1049 1783 ictu
1067 1721 1229 1802 exstirpari

270 1862 372 1922 posse,
396 1839 524 1921 quaein
543 1837 666 1911 Sueeia,
698 1837 758 1898 hoe
776 1846 928 1918 tempere,
961 1841 1107 1920 vigebant
1123 1841 1163 1901 de
1180 1860 1231 1901 re·

271 1963 385 2042 ligiene
408 1961 563 2029 notiones,
587 1975 644 2021 nee
671 1954 747 2026 alia,
771 1974 867 2034 eaque
895 1958 1036 2033 meliora,
1062 1959 1231 2040 derepente

271 2079 399 2140 excitari
416 2096 503 2156 posse
517 2073 626 2134 studia.
647 2068 698 2128 Uti
707 2071 794 2144 alibi,
809 2073 853 2132 ita
861 2073 894 2132 in
904 2075 1012 2136 Sueeia
1020 2077 1227 2156 potissimum,

271 2215 360 2258 eausa
387 2193 620 2254 Reformatienis
648 2188 812 2266 conjuncta
848 2201 913 2252 erat
939 2211 1009 2252 cum
1031 2193 1124 2256 rebus
1151 2195 1230 2277 poli·

272 2312 359 2388 tieis;
381 2307 465 2390 quod
483 2307 608 2388 quidem
625 2305 782 2364 vinculum
799 2309 1001 2370 arctissimum
1017 2311 1077 2372 rite
1094 2311 1231 2374 animad-

272 2430 368 2492 vertit
386 2427 544 2488 Gustavus.
585 2421 708 2482 Viderat
728 2439 815 2496 aere,
836 2423 920 2501 quod
940 2445 1010 2486 eum
1039 2429 1231 2492 Ecclesiasti-

275 2551 318 2612 eis
348 2547 445 2610 Sturii
472 2553 628 2628 gesserant
656 2539 791 2615 bellum3
823 2543 899 2620 quin
925 2541 986 2604 imo
1013 2543 1095 2624 ipse,
1128 2548 1163 2606 in
1193 2548 1232 2610 li.
1326 2601 1328 2610 Ι

275 2665 407 2729 beranda
424 2666 541 2748 patria,
564 2661 695 2722 Clericos
713 2658 815 2719 hostes
834 2661 958 2720 minime
975 2663 1159 2742 spernendos
1178 2683 1233 2724 ex·
1331 2733 1332 2738 η

274 2793 379 2866 pertus
397 2781 507 2840 fuerat.
548 2777 662 2836 ilerum
679 2777 760 2836 enim
781 2799 854 2840 vero
880 2799 946 2845 rem
971 2783 1119 2860 perficere
1142 2751 1241 2863 jussit
1331 2751 1332 2758 ἵ

275 2901 392 2982 patriae
419 2899 553 2960 libertas.
597 2893 747 2970 Quamdiu
779 2897 861 2958 enim
889 2899 1015 2972 eadem,
1057 2921 1119 2980 qua
1147 2911 1236 2962 antea

278 3017 459 3076 auctoritate
483 3011 622 3072 valerent
641 3011 768 3088 Clerici,
794 3013 908 3076 tamdiu
932 3018 1025 3078 etiam
1040 3019 1106 3098 ipsa
1128 3019 1235 3080 Sueeia

280 3131 454 3194 validissimi
472 3129 598 3189 aderaut
615 3128 768 3188 Danorum
785 3131 868 3190 socii.
911 3133 1071 3200 Praeterea
1093 3155 1233 3213 verone.

280 3252 394 3314 tarium
402 3249 560 3332 publicum
570 3245 684 3322 ‚bello
702 3245 844 3310 adversus
862 3249 959 3312 Danos
980 3264 1083 3332 gesto,
1106 3257 1234 3318 exhaus-

281 3381 346 3458 tum
364 3378 429 3430 erat
446 3369 565 3449 ipsique
584 3366 802 3428 Lubeeensium
815 3370 925 3450 legati,
938 3371 972 3430 iu
986 3375 1116 3436 comitiis
1130 3377 1234 3438 Stren-

279 3489 475 3566 gnesensibus
522 3487 685 3568 petebant,
728 3499 767 3566 ut
799 3487 857 3547 sibi
885 3488 1104 3566 redderentur,
1138 3511 1230 3572 quos,

281 3607 319 3667 ad
345 3607 483 3668 Sueeiam
518 3605 704 3668 liberandam
742 3602 879 3666 fecerant
905 3619 1030 3670 sumtus.
1083 3611 1166 3684 Quae
1200 3618 1238 3680 ut

283 3725 448 3786 (iustarum
468 3727 599 3786 invitum
616 3727 682 3788 sere
702 3735 885 3804 coegerunt,
911 3736 946 3786 ut
964 3726 1020 3788 sub
1039 3727 1137 3807 initio,
1149 3725 1234 3808 regni
1331 3805 1332 3808 Ἴ

282 3841 429 3920 quaedam
448 3845 479 3902 in
490 3843 623 3904 Ecclesia
632 3853 781 3916 mutaret,
793 3843 837 3904 ita
855 3853 956 3906 tamen
968 3843 1138 3921 statuebat,
1161 3865 1236 3928 pru·
1331 3813 1332 3836 Χ

282 3959 390 4020 deuter
407 3959 465 4022 hae
482 3963 515 4020 in
530 3937 575 4020 're
593 3981 657 4024 esse
675 3963 870 4036 versandum,
895 3962 985 4023 aliam
1007 3982 1109 4024 rerum
1131 3961 1235 4026 eundi·

283 4059 393 4140 lienem
407 4077 627 4158 quodammodo
642 4079 747 4146 saltem
767 4041 986 4164 praeparando.¹
1022 4080 1106 4146 Unde
1124 4049 1240 4148 mun
