2668 4784
507 388 688 451 -127-

101 579 276 662 ln‘tpdibus
295 567 507 660 ab‘ipso'regt'
521 577 773 639 sustenttbantnr
789 575 926 639 donacht
948 587 981 640 et
1000 575 1065 641 lloss

100 699 224 773 nieles,
247 700 302 780 qni
318 701 364 760 ita
379 697 516 779 provecti
532 705 622 756 erant
638 705 754 770 aetate,
772 705 808 758 ut
817 695 937 777 inopiae
944 699 1066 777 perieu-

105 817 141 878 lo
162 805 295 877 fuissent
323 817 468 896 expositi,
500 801 558 876 nisi
576 833 630 874 rex
648 815 717 894 pius
735 815 814 875 illud
832 815 990 876 avertisset
1007 814 1066 897 (1).

102 929 244 994 Tandem
262 951 337 993 vero
353 933 409 994 A0.
434 928 527 1006 loto,
550 933 649 993 varias
667 933 707 992 ob
733 948 853 1006 causas,
877 942 997 994 caetera
1013 934 1068 994 bo-

99 1069 142 1112 na
161 1039 377 1112 Ecclesiastiea
392 1038 492 1112 omnia
509 1050 568 1110 sibi
585 1050 768 1126 vindicavit,
792 1050 876 1131 quod
891 1069 993 1112 cume
1011 1049 1066 1110 de-

98 1164 205 1227 cretis
221 1167 428 1228 Arosien'iibus
445 1167 548 1248 ipsius
559 1185 621 1228 non
639 1178 733 1243 esset,
767 1169 878 1250 agendi
905 1186 990 1230 suem
1016 1187 1068 1230 ra·

100 1285 226 1345 tionem
243 1303 306 1346 non
325 1286 441 1356 solum,
472 1281 555 1344 edito
580 1271 756 1358 manifesto,
785 1286 941 1363 deiendit;
963 1305 1070 1348 verum

97 1404 201 1465 eliani
220 1405 266 1464 ita
293 1392 352 1463 sibi
374 1402 452 1463 haec
478 1402 559 1462 bona
586 1403 706 1481 rapuit,
729 1409 765 1462 ut
791 1403 932 1479 illorum,
956 1405 1067 1486 quibus
1094 1485 1099 1496 Ι

98 1519 316 1580 sustentandis
330 1546 333 1554 Δ
347 1519 566 1592 inservierant,
608 1518 739 1593 reditus,
771 1539 833 1581 non
858 1521 1067 1586 diminueren-

99 1645 159 1697 tur
182 1636 245 1717 (2).

144 1753 189 1814 llt
210 1763 283 1814 vero
311 1753 461 1816 oreatus·
485 1753 606 1817 decreta
635 1755 805 1818 Aresicnsia
823 1775 860 1818 eo
879 1757 1064 1830 vindicavit,

101 1872 192 1952 q'bod
210 1891 249 1932 ex
267 1863 402 1952 ipsorum
418 1875 568 1936 sententia
584 1875 861 1936 Ecclesiasticorum
879 1873 1002 1933 divitias
1018 1873 1068 1932 di·

104 1991 275 2064 minuerit,
299 1992 343 2052 ita
369 1991 449 2052 idem
476 1993 539 2072 egit
565 1992 718 2064 tollendo,
743 1991 799 2070 qui
815 2009 853 2050 ex
872 1989 920 2050 his
939 1990 1070 2050 decretis

101 2107 302 2182 oriebantur,
326 2109 445 2170 abusus.
489 2111 610 2170 Nobiles
628 2110 711 2168 eninr
733 2109 838 2180 venia,
864 2109 1070 2188 recuperandi

94 2213 252 2307 praedio,
278 2247 298 2284 c
315 2227 420 2286 Caroli
437 2227 553 2286 Canuti
570 2227 644 2286 inde
662 2233 794 2304 tempore
810 2223 847 2283 ab
863 2223 988 2284 ittonam
1001 2243 1067 2282 mo·

95 2343 230 2423 §oribus
257 2344 428 2418 Ecclesiae,
461 2343 560 2403 variis
584 2342 777 2415 nominibus,
811 2341 929 2402 trudito
957 2339 1065 2400 abute-

100 2459 232 2521 bantur.
276 2461 365 2534 llam,
390 2462 447 2522 etsi
466 2462 499 2521 in
517 2461 648 2522 decretis
674 2459 885 2520 Arosiensibns
903 2457 993 2516 venia
1010 2459 1069 2518 ista

100 2595 138 2638 ea
157 2578 336 2639 conditione
353 2579 391 2638 iis
409 2589 487 2639 esset
505 2597 663 2648 concessa,
680 2585 716 2634 ut
731 2595 796 2634 rem
810 2575 871 2632 rite
884 2573 1064 2653 probarent,

100 2696 153 2756 vel
172 2698 218 2756 sie
236 2681 339 2756 tarnen
356 2717 419 2756 non
439 2715 508 2755 roro
525 2695 594 2755 illas
612 2704 708 2753 terras
725 2693 783 2752 sibi
801 2691 956 2752 vindicare
973 2707 1066 2752 cona·

98 2814 237 2886 bantur,
261 2814 299 2873 ad
317 2833 446 2894 querum
464 2813 676 2892 possessionem
694 2814 768 2892 justi
787 2814 859 2894 ipsis
877 2811 1004 2873 deerant
1022 2811 1065 2870 ti-

100 2917 174 2992 tuli.
218 2931 280 2991 Nec
298 2930 478 2990 resistebant
494 2929 627 3012 judiees,
652 2929 690 2990 ad
717 2949 849 3010 quorum
876 2929 977 2990 forum
1006 2929 1065 3015 hae

100 3069 213 3112 causae
229 3049 442 3130 pertinebant,
465 3050 577 3129 partim
596 3049 678 3130 quod
705 3050 764 3130 ipsi
789 3049 940 3110 nobilium
963 3047 1066 3108 ordini

100 3165 286 3247 plerumque
312 3177 399 3226 erant
426 3167 588 3247 adscripti,
612 3166 724 3245 partim
751 3185 823 3227 vero
846 3169 956 3238 etiam,
981 3163 1067 3245 quod

100 3285 208 3366 legum
225 3285 324 3362 ignari
339 3291 442 3356 erant,
466 3292 502 3340 ut
516 3284 581 3362 ipsc
598 3300 652 3339 rex
674 3281 831 3342 affirmavit
846 3283 904 3364 (3).
927 3285 1063 3343 Primum

101 3402 228 3483 quidem
239 3401 387 3460 Gustavus
405 3398 540 3469 nobiles,
563 3397 608 3458 ita
625 3415 658 3456 se
674 3407 830 3475 gerentes,
842 3399 1059 3478 reprehendit:

103 3520 236 3591 »Ves,”
268 3517 386 3596 inquit,
414 3543 427 3572 ι
439 3514 524 3594 justo
540 3515 753 3596 propensiores
776 3515 864 3588 estis,
889 3515 928 3576 ad
954 3517 1064 3578 multas

140 3771 180 3840 (ι)
198 3767 261 3838 Quo
278 3769 376 3821 iactum
393 3773 448 3828 ert,
465 3772 495 3818 ut
510 3764 671 3833 aliquamdiu
686 3765 837 3832 superstites
848 3763 987 3816 minuunt
1000 3763 1063 3818 tto.

104 3859 217 3912 neruda
232 3855 365 3919 Sincere,
384 3853 590 3912 Wadstenense,
609 3851 751 3906 Wretense
766 3855 804 3908 al.
837 3852 861 3904 Τ
870 3852 888 3906 h
897 3869 946 3904 om
956 3873 970 3906 a
980 3873 994 3908 c
1004 3875 1019 3909 u
1028 3873 1059 3923 s,

106 3945 284 4014 (οφ-160.
319 3941 735 4013 v.1)·11n'1·.111,p.173.

141 4033 470 4105 (elv.(icijer,l.c.
548 4079 552 4088 .

142 4123 181 4193 (ὅ)
200 4119 465 4190 v.Geijor,l.c.
483 4137 510 4189 p.
530 4139 587 4173 ιιι.
