2698 4792
635 375 799 434 ..ῃ-ἢ.

238 573 298 618 ncn
314 575 403 616 ausus
420 556 541 632 luerat,
563 559 649 620 iatius
668 559 752 620 laria
779 559 992 620 aucteritatem
1009 557 1195 640 pronuntia-

236 693 286 750 re,
307 672 360 734 sed
377 685 571 756 praeceperat
581 685 706 749 ‚tamem
730 684 766 736 ut
783 675 922 757 Episcopi
942 676 1071 748 Suecici.
1085 676 1196 736 decre-

236 790 344 852 talium
369 792 483 854 librum
508 795 566 854 silri
592 803 803 874 compararent
829 804 862 854 ct
888 794 925 852 ira
954 813 988 853 aa
1015 791 1197 865 sams-sar,

234 911 403 970 necandam
420 914 501 992 qaod
517 912 658 972 damiana
673 911 719 970 aia
737 910 872 990 qratiam
888 908 1094 968 ministraret.
1127 908 1199 982 Quo

235 1025 350 1088 factum
368 1040 430 1104 est,
463 1040 499 1090 ut
526 1031 636 1092 Clerici
662 1047 783 1090 omnem
810 1036 968 1088 moverent
993 1024 1129 1105 lapidem
1157 1023 1201 1084 ad

234 1145 293 1206 ista
309 1145 368 1206 sibi
386 1145 567 1210 vindicanda
580 1149 669 1228 jura,
692 1168 772 1228 quae
788 1144 991 1207 decretalibus
1009 1145 1200 1204 niterentur·

236 1259 294 1322 lles
311 1273 413 1324 antem
431 1265 464 1324 iu
484 1265 607 1340 suecia,
630 1285 692 1326 non
709 1274 746 1325 ut
763 1265 854 1336 alibi,
878 1271 985 1342 evctp
1003 1262 1077 1341 ipsis
1095 1260 1199 1320 cessit.

239 1377 372 1450 Aderant
389 1381 472 1440 enim
499 1382 553 1442 hic
580 1384 661 1462 leges
680 1384 802 1457 civiles,
825 1384 958 1464 primum
985 1379 1110 1460 quidem
1137 1397 1204 1437 non

238 1495 387 1574 scriptae,
408 1515 515 1558 verum
534 1499 632 1558 literis
650 1500 793 1579 deinceps
809 1500 985 1573 mandatae,
1007 1513 1223 1578 quaequam

236 1613 320 1672 varia
328 1615 539 1688 continerent,
552 1616 571 1674 J
573 1616 621 1676 uri
640 1616 790 1685 Canonico
804 1633 867 1676 aon
884 1616 1034 1688 faventia,
1054 1615 1147 1692 hujus
1156 1614 1206 1688 ria

236 1730 552 1810 inSuecianunquam
561 1732 630 1792 talis
641 1731 718 1803 fuit,
743 1732 842 1810 qualis
859 1733 893 1790 in
911 1733 978 1791 aliis
995 1731 1134 1809 Europae
1151 1749 1207 1789 re-

237 1849 378 1928 gionibus
403 1848 461 1927 ipsi
495 1849 732 1912 adscribebatur.
775 1849 940 1928 Theologia
956 1867 1046 1920 vero,
1070 1849 1206 1932 quaein

238 1965 440 2041 universitate
465 1967 534 2048 llps.
564 1969 644 2030 tradi
670 1968 803 2041 solebat,
836 1985 898 2028 non
926 1965 1016 2026 unice
1042 1964 1098 2024 illa
1115 1973 1204 2048 erat,

239 2104 335 2164 quae,
367 2085 555 2148 scholasticis
582 2088 712 2159 usitata,
747 2095 834 2148 extra
852 2087 881 2146 S.
903 2085 932 2145 S.
954 2083 1106 2164 sapiebat,
1130 2083 1206 2156 sed,

241 2219 321 2279 quae
347 2219 365 2258 e
391 2200 420 2260 S.
452 2202 522 2261 Cod.
550 2203 823 2282 interpretatione,
856 2203 1064 2283 qualicunque
1083 2199 1202 2262 tandem

243 2317 314 2390 illa,
337 2316 545 2380 hauriebatur.
589 2321 619 2382 S.
640 2321 712 2382 eod.
729 2322 812 2382 enim
832 2321 1135 2400 interpretationem,
1148 2317 1208 2402 ³¹³?

244 2444 396 2516 quatenus
421 2435 546 2511 saltem,
569 2436 622 2498 hic
639 2438 781 2516 ‚viguisse
797 2436 848 2495 vel
867 2455 905 2495 ex
922 2436 960 2496 iis
978 2445 1107 2514 apparet
1125 2436 1206 2522 auti·

244 2554 372 2633 quitatis
390 2554 530 2634 reliquiis
545 2553 594 2635 (1)
605 2601 613 2628 ,
626 2574 705 2636 quae
722 2553 868 2614 lectiones
883 2551 1030 2612 exhibent
1047 2551 1085 2611 de
1102 2552 1205 2636 Euan·

246 2673 327 2758 pelio
346 2672 491 2746 ldatthei,
514 2674 665 2752 primum,
688 2681 757 2752 post
775 2671 997 2735 universitatis¹
1010 2679 1129 2754 ortum,
1153 2669 1210 2731 lra-

248 2789 335 2848 bitas.
380 2789 605 2867 Qualiseunque
632 2807 705 2847 vero
741 2788 816 2848 haec
849 2788 1063 2872 interpretatio
1092 2785 1206 2872 suerit,

249 2907 384 2986 aliquam
404 2915 507 2966 tamen
524 2925 562 2965 ex
580 2924 616 2964 ea
635 2905 748 2964 tirones
767 2904 796 2964 S.
818 2901 889 2963 Cod.
909 2911 1128 2962 contraxerunt
1154 2921 1212 2962 no-

250 3024 367 3096 titiam,
380 3043 476 3102 quac,
490 3023 581 3082 variis
599 3022 741 3102 deinceps
760 3021 1056 3102 opportunitatibus,
1075 3029 1213 3088 euctaei

252 3140 425 3214 emendata,
438 3139 489 3212 ad
506 3137 710 3220 recipiendam
729 3138 987 3201 deformationem
1004 3141 1130 3202 illorum
1147 3140 1213 3222 ani-

248 3277 318 3332 ,rnos
335 3259 537 3338 praeparavit.

442 3495 598 3556 Garamans
618 3495 655 3552 in
679 3495 758 3554 Stoa
780 3494 873 3554 Stare
894 3497 937 3556 J'.
960 3497 1041 3556 calc.

300 3728 337 3788 In
355 3730 412 3791 hac
431 3740 532 3790 autem
551 3729 655 3788 schola
672 3729 744 3788 dum
762 3726 939 3788 versabatur
949 3729 1114 3802 Gustavus,
1135 3728 1218 3792 diem

258 3845 377 3908 obierat
403 3865 577 3928 supremum
604 3845 716 3906 Svante
735 3846 826 3905 Sture
843 3842 964 3926 (1512).
1007 3843 1073 3918 Quo
1096 3856 1218 3910 mortuo

258 4157 260 4162 .
296 4115 674 4192 (1)aahs,l.e.'r.111,
697 4116 1019 4195 L.x,pr97,p.5a.
