2668 4784
632 359 817 420 ..108-

251 541 290 606 8‘.
310 537 430 620 Aegidii
446 561 479 604 sc
496 541 711 617 contulerunt,
729 539 890 604 eonsilium
908 537 1037 612 inituri,
1058 557 1122 619 quo
1140 548 1209 600 tau-
1318 619 1319 622 Ἴ

252 655 321 718 dan
337 658 428 720 modo
446 662 513 741 regi
531 661 726 735 resisterent,
749 660 791 732 si,
816 656 899 738 quod
918 656 1112 730 metuebant,
1136 657 1210 718 illo·
1318 637 1319 642 ἵ

252 793 322 836 rum
335 776 406 856 jura
422 777 566 840 invadere
584 788 757 842 conaretur.
799 778 938 859 Episcopi
967 777 1215 856 Streuffnereusir

251 901 284 952 et
302 892 486 968 mmsis,
508 897 612 958 nescio
639 917 700 976 qua
727 897 765 956 de
792 915 881 957 causa
899 895 966 977 (1),
990 893 1135 955 contiuuo
1153 893 1214 953 dc-

251 1006 424 1086 clararunt,
448 1032 512 1074 sese
528 1013 617 1094 regni
635 1032 847 1087 wuoessuros,
869 1011 1022 1096 quidquid
1037 1010 1156 1073 tandem
1170 1009 1213 1070 nb

252 1125 327 1206 ipsis
341 1129 518 1208 postularet.
559 1131 701 1192 Braslius
718 1141 820 1192 antmr
848 1130 1058 1210 indignatione
1082 1127 1214 1208 plenus:

255 1245 318 1306 »si
336 1249 433 1320 rex,’'
456 1249 575 1330 inquit,
599 1251 785 1330 »quicquam
801 1250 922 1329 eripere
938 1247 1026 1308 nobis
1043 1245 1134 1319 velit,
1160 1247 1211 1318 ri,
1320 1225 1321 1228 Ἴ

255 1379 318 1422 non
332 1381 405 1424 vero
422 1383 571 1426 ooumnsu
587 1375 710 1438 nostro,
727 1365 788 1428 hoc
802 1376 881 1447 agat.
924 1367 1033 1426 Carent
1049 1363 1215 1443 unnsquis-

255 1497 334 1558 que,
357 1498 397 1540 no
414 1481 568 1544 Pontificis
584 1494 686 1563 portes
709 1483 838 1546 deserat.
879 1481 1007 1544 Plurimi
1032 1479 1106 1539 olim
1128 1495 1218 1556 reges

254 1605 287 1658 et
303 1598 456 1678 principes
474 1597 533 1660 hoo
548 1598 648 1662 iacere
677 1600 736 1660 sibi
758 1609 983 1680 preposuerunt
994 1643 1002 1672 ,
1014 1596 1120 1678 prouti
1132 1612 1219 1656 nuuc

256 1714 308 1776 hic
326 1714 407 1776 idem
424 1735 515 1795 agere
532 1715 720 1793 meditatur;
742 1717 795 1778 sed
813 1716 1133 1780 excommunicationis
1152 1713 1218 1774 iul·

255 1834 338 1895 minc
364 1853 382 1894 a
407 1834 562 1915 proposito
589 1853 643 1895 suo
668 1833 811 1894 deterriti
831 1834 969 1896 luerunt.
1013 1835 1126 1910 Quodsi
1143 1853 1220 1894 vero

258 1951 435 2014 Pontificem
451 1951 639 2027 deseramus,
660 1953 714 2032 qui
732 1953 858 2012 unicum
872 1952 961 2013 nobie
976 1963 1113 2033 superest
1127 1971 1218 2033 prae·

258 2070 386 2145 sidium,
410 2072 449 2134 ab
465 2073 548 2133 omui
566 2082 653 2153 parte
669 2070 852 2152 premimur,
875 2089 933 2130 nec
947 2069 1090 2150 deinceps
1108 2091 1125 2130 a
1143 2089 1220 2151 rege

260 2186 351 2248 alitor
368 2189 584 2264 tractabimur,
608 2211 698 2271 quam
715 2186 918 2252 serronrmnd
930 2188 1044 2260 instar,
1068 2187 1142 2248 dum
1160 2188 1219 2249 Ec-
1324 2245 1325 2296 p

255 2303 369 2366 clasiae
384 2304 591 2366 immunitates
609 2316 642 2366 et
658 2307 819 2386 privilegia
844 2305 1008 2370 defendere
1024 2305 1107 2366 haud
1124 2305 1221 2366 aude·
1324 2299 1325 2346 t

260 2422 392 2486 bimue.'’
436 2423 511 2484 lietu
538 2422 681 2484 Braslius
708 2443 744 2484 eo
770 2424 931 2504 perduxit,
956 2434 991 2484 ut
1017 2423 1224 2483 decernerent

262 2539 465 2604 Ecclesiastioi
487 2551 520 2602 et
541 2539 761 2620 jurejurando
777 2542 1005 2621 promitterent,
1028 2557 1092 2598 sese
1108 2538 1224 2602 desem

263 2677 349 2720 sures
366 2659 481 2720 ordinis
498 2657 696 2720 ecelesiastici
708 2659 781 2738 jura
808 2669 839 2719 et
856 2657 1031 2740 privilegia,
1054 2655 1144 2714 simul
1164 2635 1226 2718 ve-

263 2796 299 2838 ro
316 2795 379 2836 sere
396 2773 594 2855 impedituros
607 2776 721 2848 omnia,
742 2793 822 2854 quae
840 2777 990 2838 Gustatus
1005 2773 1043 2834 ad
1056 2774 1227 2835 immutan-

264 2893 333 2954 dam
349 2893 528 2972 religionem
547 2891 718 2954 moliretur.

304 3007 397 3070 Erant
414 3010 510 3087 igitur
527 3011 610 3070 inter
629 3010 777 3082 Clericus,
801 3010 857 3087 qui
874 3009 998 3070 fortiter
1016 3013 1083 3090 regi
1099 3011 1224 3071 resiste·

266 3144 301 3189 ro
329 3144 361 3185 se
387 3124 468 3186 velle
487 3125 614 3206 professi
630 3125 768 3198 fueraut,
792 3124 865 3184 dum
893 3127 947 3186 alii
975 3127 1220 3202 declaraverunt,

267 3263 300 3305 oe
316 3243 396 3305 velle
411 3245 542 3308 Gustare
559 3245 708 3306 assentiri.
749 3243 859 3304 Eadem
875 3254 978 3305 autem
1003 3246 1086 3306 inter
1108 3249 1225 3308 nobiles

266 3364 367 3444 riguit
384 3363 534 3424 sentiendi
550 3365 639 3426 ratio.
681 3363 770 3425 Multi
788 3369 870 3424 enim
890 3382 926 3422 ex
952 3363 1006 3435 iis,
1030 3381 1109 3442 quae
1135 3369 1225 3422 antee

268 3481 417 3544 umerus
446 3482 577 3556 fecerat,
609 3483 737 3544 meliora
763 3482 822 3542 sibi
850 3491 986 3562 tempora
1014 3481 1220 3560 auspicantes,

267 3615 370 3659 rcrarm
386 3601 585 3660 mutationem
603 3600 798 3660 vehementer
815 3597 1044 3674 desiderabant3
1066 3596 1119 3656 alii
1151 3615 1225 3656 con·

268 3721 317 3778 tra
333 3717 526 3780 monarchica
541 3715 622 3794 regis
638 3715 738 3777 studia
755 3733 846 3794 aegre
863 3713 1013 3788 ferentes,
1036 3734 1225 3776 communem

269 3853 555 3870 -—-

303 3928 343 4000 (ι)
363 3926 397 3980 ln
413 3893 596 3990 cousuluisse,
619 3923 691 3992 quod
707 3923 736 3974 lri
752 3887 840 3992 eroge
857 3922 976 3988 corrupti
992 3921 1117 3987 luissent.
1133 3929 1225 3976 auctor

266 4015 343 4070 uobis
364 4022 404 4070 ert
427 4015 569 4070 Vertot.
601 4011 698 4068 Utrum
716 4028 779 4066 vero
799 4013 850 4066 hoo
869 4009 1045 4066 testimouium
1068 4012 1130 4066 estis
1151 4010 1227 4064 certis

268 4105 365 4161 uitetur
381 4103 553 4171 argumentis,
571 4101 693 4172 equidem
708 4103 811 4173 ignoro.
