2698 4792
540 358 701 420 uqa..

139 567 194 612 res
206 549 356 610 ‘decreta
369 544 428 628 (1).
470 544 594 608 lrmtra
609 545 761 607 laciniae
779 543 919 607 Snecicee
931 541 1027 622 lopati
1044 544 1094 606 in·

141 663 318 726 terinenmt
335 663 474 726 Consiliis
501 664 720 734 oecumenicis.
752 649 943 728 &uentus
959 661 1091 725 etbui-

144 784 204 844 lire
221 783 351 856 habitis,
377 782 486 862 ¹ibique
503 781 627 844 sinistra
645 791 692 842 tot
708 781 891 844 audiverunt
908 799 1013 854 roms,
1033 779 1094 840 Ec-

143 900 268 964 clesiem
297 900 525 962 ‘emendandam
541 930 546 944 ι
560 901 722 962 clamantes
753 898 812 979 (2).
863 897 982 962 Letboli
1018 897 1098 958 mim

142 1037 252 1079 somno
276 1035 426 1098 oppressa,
442 1025 508 1076 erat
534 1012 668 1080 Ecclesia
688 1017 830 1089 Suecioa,
862 1013 1100 1083 donaolibertrs
1160 1032 1164 1038 ·

143 1137 264 1210 mulis,
288 1153 379 1216 quam
402 1135 494 1197 armis
519 1132 577 1192 sibi
594 1143 815 1214 recuperarunt
835 1133 942 1204 Sueci,
966 1131 1102 1192 libertati

142 1255 241 1316 etiam
259 1254 419 1333 religiosae
438 1255 519 1316 viam
538 1255 691 1315 straverit.

187 1491 289 1550 Antea
298 1509 392 1562 ,roro
401 1507 492 1566 quam
506 1487 544 1546 de
560 1485 712 1548 Ecclesiae
730 1486 872 1546 Suecicae
886 1484 1102 1546 reformatione

141 1607 306 1686 ,hujusque
323 1611 447 1665 auctore
461 1603 562 1664 dicere
578 1604 722 1678 instituo,
740 1623 836 1684 pauca
848 1605 999 1666 monenda
1016 1616 1102 1679 sunt,

147 1721 190 1782 de
210 1721 341 1782 Seecioe
360 1721 536 1781 conditione
559 1722 703 1804 politica,
728 1722 930 1801 temporibus,
954 1743 1033 1802 quae
1050 1743 1105 1784 re·

142 1858 221 1900 rum
242 1857 397 1899 sacrarum
415 1839 663 1900 instaurationem
677 1847 913 1902 antecesserunt.
936 1840 1019 1914 Quae
1035 1859 1106 1900 cum

142 1957 317 2018 :arctissime
343 1955 504 2018 cohaereat
530 1977 600 2018 cum
631 1955 764 2016 Foedera
796 1955 1003 2016 Colmcn'emi
1022 1953 1104 2035 (Cai-

149 2075 394 2158 mare-union),
418 2076 532 2138 abhoc
549 2072 757 2156 incipiendum
774 2082 830 2132 est.
872 2072 998 2151 Itaque,
1022 2084 1105 2153 post-

150 2215 245 2276 quam
262 2204 437 2274 magnatum
455 2193 621 2254 Succorum
640 2193 786 2272 regnandi
813 2193 946 2254 studium
971 2193 1106 2254 Folium·

150 2321 261 2390 porum
287 2311 433 2372 familiam
455 2312 539 2390 regia
570 2312 751 2372 auctoritato
778 2313 950 2392 privaverat
977 2309 1104 2393 (tete),

146 2427 294 2508 >idemque
311 2428 450 2490 effecerat
460 2453 478 2502 ,’
492 2438 528 2490 ut
544 2427 704 2502 ilbertus,
723 2449 741 2489 e
759 2430 986 2508 lieclcnburgia
1001 2432 1106 2490 oriun-

150 2545 224 2620 dus,
266 2557 387 2608 coactus
424 2557 519 2618 esset,
560 2547 722 2624 imperium
757 2545 964 2623 Margarethac
1001 2545 1107 2606 cedere

150 2661 280 2742 (laet),
304 2663 391 2720 firma
408 2661 485 2720 haec
502 2679 594 2720 manu
613 2661 701 2740 regni
717 2660 848 2722 habenas
865 2662 975 2722 tenuit.
1007 2663 1106 2738 Quum

149 2797 242 2850 vcro,
266 2787 334 2858 post
360 2777 477 2838 obitum
503 2777 560 2836 filii
588 2778 669 2852 Oiai,
703 2780 782 2858 regis
809 2779 921 2842 Dauiae
938 2791 970 2840 et
988 2782 1103 2842 Norae-

148 2895 234 2976 giae,
257 2895 291 2954 in
309 2895 357 2954 his
375 2896 465 2956 etiam
483 2897 600 2975 regnis,
624 2917 769 2958 summam
787 2898 1014 2979 adeptafuisset
1030 2919 1103 2960 auc-

148 3013 305 3072 toritatem
315 3058 331 3085 ‚.
342 3015 415 3086 tria,
436 3013 547 3092 quibus
564 3015 748 3096 imperabat,
770 3036 881 3096 regna,
899 3017 1021 3078 foedere
1030 3039 1104 3078 con-

148 3130 281 3210 jungere
298 3129 423 3190 studuit.
445 3131 503 3192 Res
522 3151 540 3190 e
556 3142 628 3193 voto
645 3135 705 3212 ipsi
724 3135 828 3207 cessit,
852 3155 922 3196 cum
941 3135 1105 3202 Galmariae

150 3247 256 3308 foedus
273 3246 388 3307 factum
406 3247 502 3308 suerit
521 3249 647 3330 (1397),
671 3270 732 3328 quo
755 3252 788 3310 in
814 3261 968 3331 posterum
985 3253 1041 3310 uni
1054 3253 1104 3314 ,ei-

152 3364 281 3444 demque
300 3366 366 3444 regi
384 3375 526 3444 parerent
543 3364 635 3437 Dani,
667 3367 754 3428 Sueoi
772 3377 804 3426 et
822 3365 981 3445 Norvcgii‚
1014 3376 1106 3446 atque

151 3491 196 3551 ita
227 3490 311 3550 inter
347 3507 379 3546 sc
414 3497 511 3546 essent
548 3484 722 3562 conjuncti,
755 3493 806 3555 ut,
848 3485 1009 3544 inveterati
1044 3487 1106 3548 odii

153 3607 259 3680 obliti,
283 3605 404 3666 sibimet
431 3603 561 3664 invicem
588 3601 810 3662 auxiliarentur
827 3610 934 3662 contra
952 3621 1104 3682 quoscun-

151 3733 438 3750 m

190 3805 227 3876 (ι)
245 3805 320 3858 lnior
334 3803 383 3856 alia
395 3801 513 3870 inprimis
529 3800 751 3855 commemoranda
768 3799 902 3862 Concilio,
923 3802 1044 3874 Arbogsc
1055 3807 1106 3860 ha.

154 3891 228 3955 bito,
245 3894 317 3944 annis
335 3889 518 3964 1395,1412‚
537 3891 622 3959 1417,
644 3889 717 3944 1423.

190 3979 230 4050 (a)
249 3979 368 4034 Concilio
398 3980 487 4032 Pisano
512 3979 586 4046 legati
610 3979 731 4031 ecclcsiae
747 3977 867 4030 suecicae
885 3975 954 4032 haud
975 3985 1103 4037 interlue-

156 4077 226 4121 runt.
262 4071 406 4136 Scripseret
423 4065 526 4138 quidem
549 4067 621 4134 regni
637 4075 738 4120 senatus
755 4065 788 4117 ad
804 4068 902 4134 singula
920 4072 1049 4138 capitula,
1073 4073 1106 4120 ab

156 4157 207 4210 illis
223 4159 334 4228 regens,
354 4166 384 4214 ct
394 4158 463 4214 viros
481 4153 589 4208 idoneos
603 4170 634 4208 eo
650 4155 825 4224 dimittes-eno
841 4157 885 4210 scd
901 4159 1007 4212 frustra.
