2668 4784
518 387 678 448 ..po-

154 578 287 642 Gustavi
305 591 452 656 quaenam
469 572 526 635 bas
543 575 578 634 in
595 593 631 634 re
647 573 766 634 fuerint
781 577 890 638 merita
909 577 1000 641 focile
1019 581 1070 640 in·

109 699 304 778 tellipimns‚
326 697 353 756 si
369 692 576 765 attendamus,
601 692 783 772 quibusnam
802 696 837 754 in
853 695 920 755 aliis
936 698 1070 777 regioni.

107 814 173 876 bns
212 814 443 876 difficultatibus
482 813 740 875 Reformatoribus
775 813 972 893 pugnandum
1003 815 1071 877 ine-

107 933 164 992 rit.
211 931 334 992 Etenim
350 933 388 993 iis
405 933 439 992 in
464 932 654 1012 regionibus,
686 932 720 991 in
748 932 859 1012 quibus
886 931 1072 995 Clericorum

104 1049 171 1110 bac
191 1052 229 1110 in
247 1069 282 1110 re
298 1051 500 1130 patrocinium
517 1049 600 1110 baud
617 1060 816 1131 susceperunt
833 1051 1004 1131 principes,
1028 1049 1073 1108 le·

105 1167 181 1245 gali
199 1167 321 1247 papales
338 1177 369 1228 et
385 1168 526 1249 Episcopi
545 1171 728 1248 gravissimis
749 1169 856 1249 poenis
878 1167 949 1226 illos
967 1166 1074 1225 allece-

104 1293 191 1342 runt
210 1283 452 1359 Ecclesiasticus,
477 1287 533 1366 qui
557 1305 683 1347 uxorem
710 1285 822 1344 ducere
851 1283 916 1342 ausi
942 1281 1074 1342 fueraut.

104 1399 278 1464 Praeterea
311 1423 386 1463 vero
422 1403 497 1463 hinc
526 1405 643 1483 saepius
671 1405 787 1463 factum
822 1409 882 1475 est,
923 1409 959 1460 ut
992 1399 1073 1460 sedi·

103 1520 195 1580 tiosa
221 1519 308 1598 plebs
334 1537 398 1578 non
424 1517 579 1579 dubitaret
603 1519 776 1600 hujusmodi
802 1519 933 1579 Clericos
949 1515 1074 1598 aggredi

106 1644 146 1696 et
165 1635 302 1696 laedere.
345 1633 429 1694 Unde
447 1635 579 1708 factum,
600 1635 684 1715 qnod
709 1634 875 1696 coelibatus
893 1635 941 1696 bis
963 1637 995 1694 in
1023 1656 1075 1696 re·

105 1754 259 1834 gionibus
284 1753 488 1826 retineretur,
512 1751 577 1825 vel,
606 1760 675 1831 post
701 1752 910 1830 gravissimum
936 1762 1073 1814 tantum-

105 1871 205 1933 modo
224 1879 396 1942 certamen,
421 1869 603 1930 aboleretur.
646 1871 757 1931 Contra
772 1891 862 1944 vero,
887 1869 1073 1932 consuetudo

106 1989 254 2070 legitima
281 1988 481 2050 contrahendi
507 1989 700 2049 matrimonia
728 1988 817 2047 brevi
848 1989 997 2062 invaluit,
1020 1989 1074 2049 ubi

107 2105 271 2186 principes
288 2105 508 2168 Reformationi
525 2104 668 2164 fovebant
679 2147 687 2176 ,
698 2103 749 2162 vel
760 2103 799 2162 ab
817 2103 872 2163 illa
889 2103 995 2165 saltem
1012 2127 1075 2168 non

107 2223 331 2285 abhorrebant.
373 2221 486 2282 Verum
505 2221 554 2280 bis
570 2218 703 2293 accedit,
727 2219 822 2299 quod,
847 2219 920 2281 dum
946 2224 980 2282 in
998 2225 1074 2286 Ger·

108 2341 218 2401 mania
238 2339 374 2418 alibique
392 2337 472 2398 laete
494 2336 572 2399 beno
589 2339 1073 2424 consuetudinomplebsexoipie-

108 2456 189 2532 bat,
213 2459 329 2538 quippe
351 2477 429 2538 quae
457 2459 643 2519 Clericornm
660 2457 754 2517 vitam
772 2458 966 2536 depravatam
984 2477 1074 2538 aegre

110 2576 209 2648 tulit,
232 2576 265 2635 in
284 2573 391 2637 suecia
418 2595 481 2634 non
497 2574 577 2634 idem
595 2574 734 2633 obtinere
751 2573 908 2650 potuisset.
950 2575 1075 2638 Snecica

92 2695 201 2764 ,enim
219 2711 311 2771 gens,
336 2691 532 2768 antiquorum
549 2707 670 2749 momm
688 2689 893 2763 tenacissima,
906 2691 983 2752 haee
998 2695 1074 2755 vitia

111 2809 280 2870 admittere
287 2807 453 2880 maluisset,
463 2825 554 2887 qnam
563 2825 663 2880 usum,
676 2807 795 2888 elongo
803 2809 1072 2893 indeaevoreeep-

113 3047 210 3120 lagb:
230 3047 270 3116 (ἢ)
288 3045 366 3116 efter
377 3045 490 3098 eddam
506 3044 582 3099 hans
598 3063 677 3100 emar
692 3055 727 3098 at
742 3049 804 3101 lton
822 3051 1001 3121 b‘fwerbodig
1015 3054 1071 3120 ἅν,

116 3147 153 3188 at
170 3153 266 3188 avare
282 3136 349 3186 tter
364 3153 409 3186 om
426 3133 489 3186 ttil
503 3139 604 3198 rorte,
624 3133 719 3186 lunae
733 3153 780 3206 wy
801 3137 903 3192 donem
927 3141 993 3192 thet
1009 3143 1074 3194 ieie

106 3225 265 3292 sb'rwc'igre
276 3259 333 3276 ....
366 3224 451 3276 Doeh
468 3241 529 3274 som
547 3224 566 3270 1
580 3222 707 3289 skriffwe
726 3234 760 3274 at
778 3225 838 3276 Itan
848 3229 901 3300 [ὃν
918 3231 989 3278 then
1003 3246 1074 3297 ger-

114 3313 194 3380 m’ng
207 3309 286 3360 stult
304 3312 358 3360 ἅνΙι
376 3313 388 3361 i
405 3311 503 3372 bann,
523 3310 623 3376 tyeles
647 3325 695 3358 osz
711 3313 746 3379 af
759 3313 834 3362 wdrt
845 3313 922 3382 fh'ge
930 3317 1078 3385 jdrstdnd

116 3398 286 3467 underligit
301 3415 402 3462 wara,
423 3405 457 3448 at
471 3397 529 3468 [ὃν
548 3397 753 3465 Eektenkapet
777 3397 874 3462 eluit,
903 3401 967 3451 thet
994 3403 1076 3454 Gudt

119 3487 222 3540 instet
228 3485 372 3555 fdrbudit
390 3485 520 3556 haswer,
540 3484 606 3536 tier
625 3489 660 3536 tir
681 3501 769 3536 manu
789 3485 800 3537 i
817 3487 896 3538 bann
911 3490 1001 3559 fore,
1021 3493 1075 3544 cels

119 3575 227 3628 istanc
259 3573 325 3625 eder
356 3573 525 3642 Kyrekenes
542 3589 685 3642 personet·
700 3573 757 3644 fiir
780 3573 918 3642 herdam,
943 3578 1076 3648 Jomfru.

120 3663 310 3716 lrdnekclsze
329 3661 383 3713 oeli
398 3663 490 3714 antire
499 3663 579 3731 flere
602 3660 772 3724 slemteter,
797 3663 864 3716 ther
886 3669 950 3718 Gne
964 3667 1078 3736 baswcr

121 3750 282 3824 flirbndit,
302 3751 360 3803 dir
377 3765 446 3801 man
464 3749 562 3802 intltet
578 3750 590 3800 i
608 3747 688 3800 tane
700 3750 772 3821 fo're
789 3762 839 3805 ete.

159 3928 200 3998 μ)
219 3927 310 3982 Edidit
334 3930 386 3980 A0.
405 3928 471 3983 1528
490 3925 628 3990 libellum,
653 3927 695 3978 cui
714 3929 820 3980 titulum
841 3913 997 4000 inscripsit(
1009 3935 1075 3986 Em

124 4011 201 4068 iiten
220 4017 445 4087 Underwisning
464 4035 509 4069 om
523 4017 760 4085 Bellenskapet,
780 4018 859 4071 levem
878 4021 942 4072 thet
958 4019 1075 4094 infligit

126 4109 162 4157 dr
178 4104 252 4158 oller
270 4123 315 4175 ey.
350 4125 375 4161 v.
392 4105 536 4175 Geijer,
554 4125 581 4176 p.
595 4108 628 4162 62
645 4107 672 4160 in
684 4113 739 4158 not.
