2668 4784
507 367 668 429 -69-

99 541 160 612 s'ed‘
171 553 247 614 haec
263 553 398 634 prolecta
414 532 516 634 potiar
534 573 601 616 esse
617 576 635 617 a
653 558 727 616 viris
747 527 880 638 partium
898 549 1054 633 studiosis}

98 671 156 748 qui
183 673 224 732 ita
248 671 368 752 plebem
397 675 567 756 simplicem
593 681 625 734 et
652 673 829 736 incallidam
853 675 994 756 decipere
1023 687 1055 739 et

97 808 294 871 eorrumpere
311 793 436 854 voluere
445 839 454 868 ,
476 796 590 875 quippe
601 811 679 872 quac
688 793 747 854 alia
764 813 826 854 non
844 793 1053 890 intelligebat,

97 923 189 983 quam
207 928 287 988 quae
307 909 365 969 hac
382 912 499 972 ratione
518 914 587 994 ipse
601 913 860 975 obtruderentnr”
885 912 943 995 (ll.

281 1143 436 1206 Gustatus
450 1148 609 1226 fanaticis
632 1149 752 1208 resistit
771 1145 891 1226 (lent).

133 1375 228 1437 Aliud
255 1387 359 1438 autem
384 1381 445 1441 hoc
474 1392 612 1460 tempore
638 1381 779 1461 illudque
794 1381 915 1460 gravius
932 1382 1053 1460 pericu*-

91 1491 159 1550 lum
186 1492 412 1554 'Reformationi
431 1497 775 1562 suecicae-imminebat.
817 1501 953 1574 Etenim,
982 1499 1055 1558 dum

90 1611 245 1672 Gustavus
273 1609 450 1692 llalmogiae
476 1617 667 1690 versabatur,
692 1635 769 1678 cum·
788 1619 966 1692 Frederico,
990 1616 1050 1678 Ila·

90 1733 162 1792 niac
180 1750 269 1810 rege,
293 1731 332 1790 de
350 1749 424 1811 pace
450 1739 590 1807 acturus,
615 1735 749 1796 Fanatici
767 1737 928 1808 nonnulli,
952 1737 986 1794 in
1004 1735 1053 1795 his

91 1849 243 1909 Melchior
263 1849 351 1910 Rtnk
372 1859 403 1909 et
425 1849 701 1933 Kaspperdolliaq,
734 1873 752 1912 e
770 1853 890 1932 belgio,
915 1861 951 1912 ut
969 1851 1054 1910 vide-

90 1976 160 2039 tur,
184 1969 218 2026 in
237 1967 375 2028 sueciam
392 1967 591 2030 advenerunt.
633 1969 727 2030 Erant
745 1970 793 2029 illi
811 1967 980 2029 istiusmodi
996 1967 1055 2029 ho·

89 2085 207 2156 mines,
232 2084 338 2164 quales
367 2082 509 2163 deinceps
537 2086 572 2143 in
587 2086 760 2160 Germania,
785 2105 913 2166 regnum
931 2103 1053 2147 secon-

89 2201 164 2262 dere
192 2201 324 2262 coeleste
349 2201 520 2278 jactantes,
552 2199 766 2264 llonasterium
803 2203 861 2264 sibi
897 2205 1057 2284 rapiebant

89 2318 201 2400 (1533)
223 2321 297 2402 (2),
321 2339 379 2379 nec
405 2321 504 2380 minus
530 2319 563 2378 in
589 2319 694 2401 Belgio
720 2321 821 2382 sedem
841 2322 931 2382 *snam
960 2323 1063 2402 ligere

87 2437 234 2515 deinceps
252 2437 440 2497 conabantur
459 2437 570 2518 (1535)
589 2436 647 2517 (3).
691 2436 776 2496 Idem
793 2439 827 2496 in
852 2437 960 2497 Sueoia
982 2459 1053 2517 per-

87 2557 182 2615 ficere
199 2553 327 2614 sortasse
350 2555 506 2628 meditati,
531 2553 667 2612 Holmiae
685 2554 818 2630 primurn
840 2553 974 2625 latuere,
997 2553 1053 2614 do'-

87 2691 163 2744 nec,
191 2691 265 2749 rege
290 2669 479 2748 llalmcgiam
505 2667 664 2748 profecto,
688 2689 721 2728 se
747 2669 899 2750 optimam·
920 2669 958 2730 ad
975 2691 1057 2732 asse-

87 2788 246 2868 quendum
263 2788 454 2867 propositum
474 2805 561 2847 suurn
597 2789 856 2866 opportunitatem
883 2800 987 2850 nactos
1004 2811 1054 2850 es·

88 2929 121 2968 se
149 2907 208 2968 sibi
235 2907 293 2966 visi
323 2913 403 2966 sunt.
467 2907 545 2966 Tum
575 2907 672 2985 igitur
699 2907 733 2966 in
755 2905 917 2988 publicum
931 2909 1053 2990 prodie

88 3035 164 3084 runt
184 3035 216 3085 et
234 3025 488 3096 aedem'sacnam,
512 3024 645 3085 Johanni
664 3036 885 3101 consecratam,
904 3029 935 3087 vi
945 3029 1050 3108 ingre-

89 3143 268 3216 diebantur,
292 3127 415 3222 ibique,
440 3143 558 3221 Spiritu
581 3143 708 3216 Sancto,
732 3153 768 3202 ut
784 3143 958 3220 jactabant,
983 3149 1050 3225 agi·

89 3263 163 3332 tati,
196 3247 364 3318 fanaticam
385 3259 554 3318 doctrinam
582 3277 682 3316 coram
709 3258 865 3336 frequenti
892 3259 1050 3322 hominurn

90 3397 203 3439 corona
225 3375 438 3454 explicuerunt
452 3383 484 3434 et
498 3393 536 3433 ex
551 3371 730 3453 Apocalypsi
739 3373 917 3451 probarunt.
959 3377 1052 3436 Dein·

85 3523 355 3542 ———-·

120 3597 162 3664 (ι)
186 3597 268 3646 Utan
286 3595 378 3663 nigre
390 3590 545 3658 partiale,
565 3607 627 3642 som
653 3589 761 3642 altcde
787 3591 852 3642 med
872 3589 951 3644 elika
967 3602 1052 3662 styc-

88 3683 143 3733 ken
161 3679 289 3752 bedraga
308 3681 363 3732 ectr
373 3677 498 3750 ferleda
514 3680 569 3730 den
587 3678 713 3747 simpla,
742 3679 914 3750 enfalldiga
939 3681 1047 3736 allato..

85 3787 166 3840 gen,
183 3785 244 3820 som
263 3771 327 3821 icke
343 3775 440 3818 annal
449 3767 570 3836 forster
588 3771 627 3824 tin
644 3767 694 3818 det
707 3768 770 3820 dem
785 3771 797 3820 ἰ
814 3769 873 3819 slilr
890 3770 983 3822 merto
1001 3773 1052 3826 in·

85 3857 181 3928 gifvit
197 3858 310 3908 verder.
346 3850 593 3917 Strinnbolm,
611 3856 632 3906 l.
648 3873 671 3907 c.

122 3945 163 4014 (a)
184 3943 356 4007 Bzovins,
376 3945 397 3996 l·
414 3961 438 3996 c·
455 3961 482 4010 p.
504 3945 563 4016 879.

121 4031 162 4102 (5)
182 4032 354 4084 liecensentnr
376 4033 483 4084 illorum
507 4042 612 4088 conatus
635 4035 705 4104 apud
732 4035 951 4104 Wagenam
984 4039 1052 4090 Va-

88 4120 162 4174 derl.
181 4118 334 4184 Historie,
354 4117 387 4170 Τ.
403 4119 447 4186 V,
467 4139 494 4189 p.
511 4125 556 4178 8ο.
