2698 4792
558 305 720 408 ..ss-

155 529 260 592 lorum
277 531 382 612 agendi
401 534 567 609 rationem
592 552 696 594 rerum
714 531 807 590 etiam
820 547 929 594 novam
944 519 1126 594 doctrinam¹

156 649 285 744 ejusque
301 649 532 712 fundamentum
548 653 616 730 regi
624 651 781 732 explicuit.
820 651 902 740 Prae
912 654 1038 712 caeteris
1056 671 1112 712 au·

159 765 222 828 tem
239 767 277 829 de
293 770 410 830 artibus
424 771 504 850 egit,
528 770 639 851 quibus
648 769 808 830 Pontifices
817 769 903 830 Rom.
914 767 1048 828 homines
1055 767 1111 830 ob-

156 899 374 966 caecaverant,
396 889 496 970 deque
514 889 697 950 Clericorum
708 900 739 948 et
748 890 931 950 auctoritate
940 898 972 947 et
981 887 1114 965 divitiis,

155 1005 271 1067 deinde
280 1025 352 1067 vero
360 1009 475 1088 patriae
484 1007 690 1068 conditionem
708 1008 909 1068 miserrimam
929 1005 1069 1085 depinxit
1085 1015 1117 1068 et

155 1121 235 1184 hinc
247 1143 338 1206 quam
352 1125 435 1186 utilis
448 1135 512 1188 non
529 1127 631 1200 modo,
655 1125 829 1195 sedetiam,
854 1142 948 1202 quam
964 1131 1042 1182 esset
1060 1139 1114 1182 ne·

155 1241 286 1302 ce'esaria
313 1263 416 1304 rerum
449 1263 604 1304 sacrarum
631 1245 820 1316 emendatio,
854 1243 991 1323 urgebat.
1035 1244 1117 1317 Quae

152 1358 276 1432 omnia,
299 1379 392 1440 quam
410 1361 533 1438 egregie
560 1361 692 1420 Gustare
719 1361 904 1441 placuerint,
928 1361 1000 1422 inde
1025 1339 1127 1422 lucu-⁸

155 1474 422 1556 lenter'app'aret,
447 1476 529 1556 quod
546 1478 717 1556 promiserit
743 1497 775 1538 se
802 1478 1051 1540 reformatoribus
1081 1480 1115 1540 in

154 1611 255 1672 opere
273 1594 413 1674 suscepto
433 1594 589 1655 fauturum
607 1613 679 1656 esse.

196 1829 311 1904 Quodsi
336 1849 409 1891 vero
437 1851 489 1905 ea,
522 1851 617 1912 quae,
640 1833 717 1896 duce
745 1833 891 1906 historia,
924 1833 963 1892 de
990 1834 1116 1894 Gustavi

153 1947 288 2009 diximus
312 1949 505 2010 institutione
530 1952 767 2032 perpendamus,
791 1952 860 2030 quis
886 1960 948 2022 est,
972 1951 1027 2030 qui
1054 1968 1116 2012 non

154 2067 327 2146 intelligat,
351 2069 441 2148 plane
459 2070 550 2129 aliter
563 2068 643 2129 hano
661 2069 754 2128 imese
780 2077 999 2148 comparatam,
1023 2086 1115 2147 quam

153 2185 217 2264 qua
244 2185 485 2260 deformiores,
510 2185 681 2266 qui'vulgo
704 2185 866 2256 dicuntur,
893 2185 1034 2266 plerique
1059 2163 1129 2264 qa·¹

152 2281 213 2364 visi
240 2313 322 2365 sunt.
363 2302 441 2364 Ilum
459 2306 589 2366 enimin
607 2305 717 2367 horum
744 2306 936 2368 institutione
954 2307 1115 2386 praecipu·

154 2417 209 2480 tun
228 2420 426 2484 obtinuerunt
443 2426 544 2486 locum
561 2427 720 2486 literarum
744 2425 959 2483 liebrnicarum
985 2422 1115 2484 Graeca-

153 2556 288 2618 rumque
306 2538 440 2598 studium
459 2551 507 2609 et,
531 2559 609 2617 quae
626 2559 697 2599 cum
714 2539 773 2598 hoc
793 2539 961 2598 arctissime
977 2548 1023 2598 est
1041 2559 1115 2602 oon·

74 2681 78 2692 ·
149 2657 283 2736 juncta,
308 2657 338 2717 S.
361 2657 431 2718 God.
454 2657 583 2729 notitia,
606 2658 639 2716 in
661 2658 785 2718 Gustavi
808 2657 1002 2718 institutione
1030 2657 1113 2720 haud

151 2771 393 2835 idemobtinuit:
410 2773 534 2834 Etiamsi
542 2777 622 2836 enim
636 2777 769 2837 dubitari
778 2787 928 2857 nequeat,
947 2779 1023 2857 quin
1033 2779 1110 2838 Gua-

151 2891 392 2973 tavus'aliquam
410 2904 494 2956 certe
512 2895 541 2955 S.
565 2895 595 2955 C.
618 2895 804 2956 contraxerit
821 2895 1043 2974 cognitionem,
1062 2896 1111 2958 vel

149 3012 197 3070 sic
226 3009 325 3072 tamen
350 3013 475 3092 politioa
491 3011 681 3094 potissimum
697 3014 891 3075 institutione
916 3016 1037 3095 parisus
1054 3025 1111 3078 est.

152 3127 241 3203 Quod
258 3147 328 3189 cum
355 3130 398 3190 ita
420 3131 477 3202 sit,
501 3149 538 3190 ea
565 3131 703 3209 inprimis
729 3133 823 3210 ipsius
845 3134 1047 3194 institutionis
1064 3135 1110 3216 ris

150 3254 232 3317 crat,
256 3255 293 3306 ut
309 3247 500 3325 intelligeret
519 3255 708 3324 quantopere
726 3249 842 3324 patriae
856 3249 947 3308 saluti
970 3251 1110 3311 obessent

152 3363 264 3425 Clerici
281 3372 313 3423 et
331 3383 423 3442 quam
449 3362 652 3422 necessarium
669 3371 763 3433 esset,
783 3363 907 3422 illorum
926 3373 957 3422 et
975 3367 1110 3426 auctori·

151 3493 248 3544 tatem
258 3489 290 3542 ct
298 3480 421 3542 divitias
429 3479 609 3540 diminuere.
633 3480 732 3554 Quum
741 3498 813 3540 vero
822 3479 881 3540 hoc
894 3479 1105 3558 meditaretur,

152 3598 212 3658 viri
238 3598 399 3666 nonnulli,
424 3596 562 3658 doctrina
581 3619 635 3658 sua
652 3597 691 3658 ad
716 3598 929 3671 emendandas,
954 3619 1033 3679 quae
1049 3600 1109 3666 hoc

153 3725 289 3797 tempore
303 3714 465 3793 vigebant,
489 3714 527 3774 de
544 3715 709 3794 religione,
729 3716 868 3776 notiones
888 3715 1035 3794 aptiores,
1059 3719 1108 3799 ip·

154 3835 179 3894 si
208 3834 437 3913 explicuerunt,
471 3844 664 3921 quantopere
682 3831 867 3893 Clericorum
893 3839 925 3890 et
944 3835 1108 3896 auctoritas

152 3961 186 4012 et
202 3949 328 4012 divitiae
344 3951 483 4014 abessent
501 3967 519 4012 a
536 3952 745 4033 simplicitate,
770 3971 831 4031 qua
848 3951 922 4012 olim
941 3955 1107 4016 cerneban-

155 4079 207 4130 tur
225 4066 374 4150 evangelii
391 4070 494 4136 nuntii
512 4080 543 4131 et
562 4081 676 4151 quanta
692 4069 899 4151 laudedignus
907 4071 1108 4133 dicenduses·
