2668 4784
509 343 667 403 ..53-

97 547 166 588 rum
184 547 247 589 non
263 529 349 589 modo
365 528 506 608 punivit,
531 530 586 606 qui
604 529 721 609 saepius
733 529 798 608 jam
822 529 976 590 seditionis
1002 549 1050 589 se·

95 645 361 726 minasparserat3
383 644 607 730 verumetiam
633 646 750 706 cunetis
776 645 955 717 declaravit,
987 666 1049 726 qun

92 771 172 822 esset
201 763 343 836 audacia,
378 783 472 843 quum
496 763 594 842 primo
611 764 698 842 regni
725 783 804 824 anno
833 763 924 823 rebus
950 762 1047 823 eccle·

90 879 219 940 siastiois
249 901 282 940 se
317 880 515 952 immisceret,
559 879 718 942 llonaehos
755 881 959 961 refragantes,
993 881 1049 939 etsi

87 995 174 1058 Pont.
198 999 286 1059 Rom.
316 999 530 1060 benevolentia
555 1019 653 1079 aeque
679 1019 713 1060 ao
732 1000 890 1060 Laieorum
903 1016 1048 1058 reveren·

86 1115 130 1174 tia
148 1115 332 1193 gaudentes,
356 1117 581 1198 reprehendens
600 1128 631 1176 et
649 1118 788 1197 puniens.
832 1116 873 1176 At
890 1135 965 1175 vero
983 1135 1048 1176 ma·

81 1229 186 1308 jorem
216 1234 255 1294 ad
289 1236 527 1316 praeparandam
553 1236 809 1296 Reformationem
834 1233 896 1291 vim
926 1233 1049 1293 Gustnvi

82 1349 192 1426 agendi
210 1353 325 1412 rationi
339 1353 560 1424 tribueremus,
585 1353 610 1410 si
628 1350 715 1410 nobis
728 1349 907 1429 persuadere
926 1351 1045 1430 potuis·

82 1484 202 1538 semus,
236 1485 339 1528 veram
367 1488 431 1527 esse
466 1467 682 1528 nonnullorum
718 1469 899 1547 scriptorum
932 1468 1043 1528 Sneco-

81 1601 152 1640 rum
171 1580 223 1663 (1)
244 1583 438 1658 relationem,
463 1586 668 1645 narrantium:
692 1586 855 1647 Gustavum
871 1585 1042 1646 Dominica·

80 1717 137 1758 nos
168 1719 272 1761 omnes
294 1701 434 1780 jussisse,
456 1711 492 1762 ut
511 1701 593 1762 intra
611 1711 727 1762 certum
749 1704 892 1784 temporis
911 1705 1042 1784 spatium

80 1817 219 1878 Sueoiam
238 1819 459 1899 relinquerent.
493 1820 591 1893 Quum
609 1839 697 1894 voro,
721 1821 821 1899 ipsum
838 1820 919 1898 regis
934 1820 1041 1881 decre-

80 1943 146 1994 tum
164 1937 336 2010 afferendo,
369 1937 549 1998 sententiam
576 1957 660 1997 suam
686 1937 769 1996 haud
795 1937 1038 2015 comprobarint,

79 2071 240 2133 quumque
256 2063 414 2134 praeterea
432 2053 609 2133 hujusmodi
626 2055 751 2116 decreto
768 2053 874 2114 obesse
891 2073 953 2115 non
970 2065 1040 2117 tan·

78 2178 143 2227 tum
161 2171 305 2232 rideatur
324 2171 444 2231 Nicolai
464 2171 504 2231 ad
521 2171 638 2234 abbatis
656 2193 765 2234 munus
783 2174 912 2251 electi03
934 2193 1040 2234 rerum

77 2289 167 2350 etiam
182 2294 469 2366 llominieanorum,
483 2313 561 2373 quae
569 2293 711 2373 deinceps
725 2294 882 2374 injicitur,
905 2294 1036 2366 mentio,

76 2403 148 2468 huie
167 2411 312 2470 relationi
331 2411 404 2470 fides
422 2410 505 2471 haud
522 2420 637 2471 ternere
645 2411 784 2470 habenda
795 2409 927 2468 videtur.
950 2411 1037 2468 Arri-

76 2521 165 2586 debat
184 2527 308 2607 quidem
317 2529 415 2607 primo
424 2527 537 2586 obtutu
553 2527 718 2585 Balinii
739 2524 788 2604 (2)
804 2525 955 2597 narratio,
979 2545 1041 2605 qua

76 2640 225 2704 Gmsavus
250 2645 456 2704 Ilominioanis
484 2643 625 2704 exsilium
653 2644 850 2703 comminatus
869 2652 961 2718 esset,
986 2643 1039 2704 sed

74 2775 170 2835 quum
196 2760 322 2820 Olaus
344 2761 508 2821 Celsius
529 2760 594 2844 (3),
619 2762 705 2840 cujus
723 2761 814 2822 verba
829 2763 920 2834 citat,
943 2781 1033 2842 pror-

74 2893 120 2934 sus
138 2877 201 2938 alia
215 2888 336 2950 narrat,
357 2878 602 2959 Wagnerum
623 2879 671 2960 (l)
692 2879 792 2958 potius
806 2881 901 2938 secuti
915 2897 1030 2952 sumus,

74 3004 265 3054 narrantem:
290 2997 453 3056 Gustavum
476 2998 616 3076 jussisse,
639 3003 674 3058 ut
702 3017 804 3058 omnes
822 2996 1029 3072 Dominicani,

74 3121 225 3191 quotquot
243 3133 261 3172 e
281 3113 386 3175 Suesia
403 3115 486 3176 haud
504 3126 603 3177 essent
617 3116 756 3188 oriundi,
780 3115 859 3176 hanc
876 3117 1032 3195 regionem

74 3225 292 3309 relinquerent.

113 3343 269 3424 Quidquid
297 3367 370 3407 vero
397 3357 460 3420 est,
484 3347 607 3426 egregie
633 3355 744 3406 cuneta
770 3345 846 3405 haee
871 3347 1035 3406 valuerunt

74 3456 109 3518 td
125 3444 347 3542 praeparandos
364 3463 574 3544 cujuscunque
593 3462 713 3542 generis
728 3462 881 3533 homines,
904 3470 940 3520 ut
954 3463 1032 3520 ami·

74 3593 106 3636 oe
123 3579 265 3661 deinceps
284 3581 540 3642 deformationem
567 3581 747 3660 reciperent.
790 3576 928 3638 Melior-es
950 3577 1032 3636 enim

69 3725 342 3744 *naun—u·-

107 3823 147 3890 (ι)
167 3821 282 3874 Olaus
297 3819 448 3873 Celsius
464 3813 499 3872 Τ.
514 3819 547 3886 Ι,
565 3839 591 3888 p.
610 3837 668 3889 ²19·
687 3813 948 3882 Strinnholm,
966 3817 985 3870 l.
1001 3837 1025 3873 c,

74 3923 100 3974 p.
116 3914 178 3968 4ιο.
299 3914 338 3978 (2)
357 3912 374 3961 l.
393 3927 416 3962 c.
536 3908 574 3978 (5)
593 3911 615 3961 l.
631 3927 655 3963 c.
675 3957 677 3960 .

107 4001 146 4068 (4)
168 3997 203 4050 D.
222 3997 258 4050 E.
274 3997 431 4067 Wagner
456 4000 484 4050 in
503 3997 687 4068 Allgsmsine
708 3991 958 4060 Woltgesolsielste
975 4013 1028 4050 von

76 4081 258 4154 Gurhrie,
280 4083 372 4155 Gray
391 4096 438 4142 etc.
457 4085 567 4156 Leipzig
583 4089 659 4156 1781.
673 4083 706 4138 Τ.
725 4078 814 4146 XVI,
833 4081 859 4135 P.
874 4081 932 4147 IV,
947 4083 1025 4150 μδ.
