2698 4792
129 582 253 653 calens,
281 580 359 644 hano
384 589 599 660 promoverrmt
627 599 810 644 succesores
836 601 889 663 per
914 582 1092 663 Albingirnr

130 697 419 779 septentrionalem
450 706 482 758 et
507 698 551 758 sic
580 697 720 778 quidem,
752 709 902 781 regnante
934 701 1086 764 Lndovioo

131 816 205 889 Pio,
230 815 351 894 Religio
370 815 541 876 Christiana
558 817 591 876 in
609 815 733 878 Daniam
750 819 1086 898 pervenitetSueoiam.

130 933 222 994 Teste
251 933 331 993 enim
359 932 593 1007 iiimberto,
634 934 793 999 Ansebarii
828 939 922 999 vitam
948 939 1084 1000 scribon.

127 1059 161 1110 te
180 1053 250 1132 (l),
275 1055 426 1114 Sneonnm
442 1055 553 1134 legati,
578 1057 659 1118 circa
676 1077 789 1117 annum
802 1057 879 1132 829,
903 1056 1100 1120 Ludoviennt'

128 1169 223 1230 Pium
239 1171 395 1245 adierunt,
408 1172 447 1234 ab
464 1193 563 1254 eoque
572 1195 641 1236 oum
655 1175 731 1248 alia,
745 1186 810 1237 tum
818 1175 908 1247 baec,
923 1185 1087 1254 rogarunt,

128 1295 167 1346 ut
195 1288 325 1348 idoncos
344 1291 487 1351 Suecicae
513 1294 599 1370 genti
635 1293 808 1352 destinaret
839 1289 1085 1372 praedicatam,

127 1405 248 1486 quippe
266 1406 357 1486 qnod
369 1409 461 1466 malti
478 1409 516 1466 ia
535 1417 625 1486 prate
645 1426 702 1464 aaa
720 1417 825 1480 arant,
859 1407 913 1486 qai
933 1407 1087 1467 Christia-

127 1541 192 1582 nae
213 1523 388 1603 Religionis
407 1523 522 1580 cultum
539 1521 694 1602 succipere
711 1523 932 1584 desiderarent.
954 1523 1088 1585 Suaden-

128 1649 163 1698 te
182 1641 282 1718 igitur
307 1639 449 1710 Walam,
481 1639 653 1700 monasterii
671 1641 857 1720 Gorbejensis
885 1642 944 1702 boc
971 1652 1087 1724 tempo·

129 1759 313 1830 reabbate,
338 1756 376 1817 ad
402 1757 613 1818 difficillimum
630 1777 739 1822 munus
756 1759 927 1840 eligebatur
946 1761 1088 1821 Astacia-

131 1875 220 1948 rias,
244 1876 299 1955 qui
316 1883 405 1934 antea
423 1874 528 1934 eodem
545 1895 672 1936 munere
690 1877 723 1936 in
749 1876 843 1938 Dania
870 1877 994 1938 functus
1020 1877 1089 1937 fae-¹

129 2001 192 2052 ret.
235 1992 397 2073 Postquam
414 1993 484 2066 bie,
509 2012 570 2054 nna
595 2013 665 2053 curn
693 1989 882 2063 Witlsmara,
905 1993 972 2071 ejus
988 1994 1087 2067 socio,

131 2111 167 2169 in
195 2110 331 2170 Sneciam
356 2120 555 2190 pervenerat,
579 2131 634 2170 rex
663 2110 766 2188 Bjdra
791 2110 909 2168 veniam
927 2110 999 2189 ipsis
1015 2129 1089 2172 oon·

130 2227 241 2301 cessit,
274 2237 310 2286 ut
329 2227 520 2307 Religionem
540 2229 740 2288 Christianam
766 2225 862 2286 libero
878 2247 934 2306 per
953 2228 1090 2288 Sneciem

129 2355 345 2425 propagarent.
408 2347 469 2406 Nec
504 2355 604 2406 tamon
640 2341 693 2401 diu
727 2341 779 2403 bic
806 2345 1085 2422 commorabantur,

130 2473 229 2540 (Ῑιιῐιω
256 2473 325 2544 post
338 2483 463 2524 vannum
490 2473 522 2524 et
550 2461 709 2522 dimidium
737 2462 775 2520 ad
802 2463 989 2522 Ludovicnm
1005 2463 1087 2522 redi-

129 2589 221 2651 rent,
258 2591 290 2640 et
325 2581 508 2640 Anacharius
538 2578 825 2656 Archi-episeopus
853 2579 1087 2660 Hamburgensis

129 2705 299 2757 crearetur.
331 2697 433 2774 Aqno
451 2693 523 2753 inde
542 2704 692 2774 tempore,
710 2695 806 2754 missis
825 2695 949 2776 legatis,
966 2698 1097 2759 occat-1
1170 2717 1173 2722 ·

131 2815 235 2884 berta,
267 2812 405 2910 Ardpera
431 2812 575 2892 aliisque,
613 2812 791 2893 religionem
826 2815 1021 2876 christianam
1052 2817 1086 2876 in

129 2930 240 2991 Suooia
256 2928 392 2990 stabilire
410 2939 535 2990 conatus
552 2938 598 2989 est
615 2938 647 2989 et
663 2949 846 3010 propagare·
883 2933 1013 2993 Tandem
1030 2952 1096 2994 ve··

128 3069 183 3122 ro,
207 3049 311 3129 paucis
329 3057 400 3108 ante
424 3047 539 3107 obitum
564 3049 666 3122 annis,
691 3049 756 3130 ipse
781 3051 814 3110 in
842 3051 979 3112 Sueoiam
1002 3052 1080 3124 iter,

128 3167 261 3228 secunda
289 3166 373 3238 vice,
406 3165 537 3244 suscepit
563 3165 717 3246 efficitque
745 3176 798 3240 ut,
826 3169 919 3246 jactis
946 3171 1015 3230 snbv
1030 3171 1082 3230 dio

131 3285 222 3357 aleis,
247 3291 371 3344 eatenus
389 3291 602 3362 agnosceretur
620 3282 739 3361 Religio
758 3282 928 3345 Christiana
937 3331 952 3357 ,.
968 3297 1079 3366 quate·

130 3399 446 3462 nuscunctislibertar
465 3399 703 3470 concedebatur,
721 3419 934 3480 quamcunque
951 3404 1094 3478 uellent,¹

130 3518 300 3579 doctrinam
319 3515 466 3596 profiteri.
488 3513 601 3574 Verum
618 3516 691 3586 etsi,
716 3526 845 3575 exeunte
862 3537 939 3579 saec.
955 3519 998 3594 X,
1019 3523 1083 3584 sive

131 3639 258 3698 ineunte
277 3655 353 3698 saec.
374 3633 433 3706 XI,
458 3651 518 3714 qna
535 3633 573 3693 de
590 3653 624 3694 re
641 3635 725 3696 inter
749 3633 907 3698 historicos
929 3657 991 3699 non
1010 3659 1083 3700 eon-
1106 3629 1108 3632 ¹

132 3755 217 3814 vena
234 3753 300 3834 (a),
330 3751 403 3828 oros
418 3750 635 3832 caateoaaaq,
668 3753 808 3834 baptismi
834 3756 898 3814 rau
923 3756 956 3814 sn
979 3755 1083 3820 uocis-

166 3967 207 4039 (ι)
227 3965 312 4034 Supra
328 3983 384 4036 pag.
400 3966 436 4029 4,
455 3974 510 4018 not.
527 3983 552 4019 ι.

167 4055 207 4126 (a)
225 4055 449 4124 Lagerbring
469 4055 500 4124 tl.
517 4071 539 4106 c.
556 4061 571 4126 p
590 4058 633 4126 ar)
653 4065 679 4110 et
694 4059 921 4114 Strinnbolm
940 4065 1084 4134 (Saencka

130 4143 254 4209 Μέση
273 4143 415 4197 Historia
431 4143 515 4198 under
541 4145 714 4217 Kannagarne
731 4151 760 4201 al
773 4147 842 4202 Vasa
862 4155 960 4217 Attea,
979 4153 1012 4204 T.
1032 4152 1082 4218 ll,
