2698 4792
659 395 820 456 ..ω-

266 593 328 654 aa,
351 581 405 660 qua
419 581 458 641 so
476 583 561 643 vasae
577 583 785 662 sarmatiam
802 581 872 642 5110,
889 582 1062 644 macae.
1084 565 1148 644 iae
1167 579 1220 642 aa·

264 701 373 760 bitavit
383 700 498 780 igitur,
510 699 586 782 quin
595 699 654 760 boo
662 701 726 778 ipse
735 697 883 776 efficeret3
903 701 1062 763 doctrinae
1078 699 1223 762 emaum·

263 821 395 892 donem,
419 821 577 882 maximam
595 819 700 880 saltem
718 827 850 898 partem,
880 819 954 880 Olao
981 820 1111 899 ejusque
1130 819 1221 880 sociis

262 937 456 1020 relinquens,
480 939 524 998 ita
541 947 640 997 tamen
659 946 695 996 ut
713 936 824 997 horum
852 939 945 998 etiam
969 939 1004 998 in
1029 937 1223 1000 reformanda

261 1053 394 1118 Ecclesia
414 1055 477 1114 dux
494 1055 657 1114 exstiterit.

305 1175 498 1254 Quantopere
522 1190 594 1230 vero
619 1180 684 1232 tota
702 1173 827 1234 (luctari
844 1171 1000 1233 institutio
1021 1191 1059 1232 oo
1082 1170 1223 1232 cortule·

264 1293 321 1364 rit,
345 1301 381 1351 ut
395 1294 493 1371 ipsmn
510 1285 668 1362 redderet,
692 1291 813 1370 qualem
830 1301 935 1371 postea
962 1309 1026 1351 seso
1048 1289 1219 1368 praestitit,

264 1417 366 1488 aptam
385 1407 424 1467 ad
439 1405 603 1467 Ecclesiam
627 1407 869 1482 instaurandam,
901 1407 993 1469 facile
1017 1415 1112 1487 patet.
1155 1405 1222 1466 Pri·

261 1543 343 1586 rnum
361 1526 443 1584 enim
459 1535 491 1584 et
508 1524 655 1587 historiae
672 1526 773 1586 studio
788 1535 821 1585 et
829 1525 990 1605 temporis,
1003 1541 1065 1603 quo
1083 1521 1219 1595 vivebat,

261 1644 395 1717 ratione,
428 1643 497 1703 odio
526 1663 599 1722 erga
627 1645 758 1704 Clericus
784 1641 996 1714 imbuebatur,
1029 1643 1144 1722 quippe
1168 1642 1221 1722 qui

259 1761 375 1841 patriae
388 1761 492 1835 saluti,
517 1781 609 1842 quam
623 1763 819 1822 vehementer
832 1759 1021 1820 desiderabat
1035 1759 1220 1832 adolescens,

259 1877 370 1938 iriensi
379 1879 550 1958 saepissime
559 1880 682 1940 fuerant
690 1887 722 1939 et
731 1879 908 1939 etiamnunc
921 1885 1018 1937 erant.
1043 1877 1081 1936 In
1098 1875 1223 1936 buniam

258 2007 360 2058 antem
383 1996 526 2077 deinceps
544 1997 692 2058 abductus
710 2007 742 2057 et
759 1997 833 2060 hinc
861 1998 1012 2058 bubecam
1038 1995 1217 2076 aufugiens,

258 2115 418 2194 cognovit,
470 2135 561 2195 quam
597 2115 748 2177 Lutherus
776 2117 983 2196 explicuerat,
1021 2116 1220 2176 miserrimam

254 2232 408 2294 Ecclesiae
431 2233 654 2308 conditionem,
687 2237 764 2315 quin
790 2236 853 2296 imo
878 2235 1028 2294 rationem
1054 2235 1217 2312 cognorit,

259 2367 320 2431 qua
336 2350 422 2410 illam
439 2351 599 2412 emendare
615 2352 668 2412 hic
685 2362 812 2413 conatam
829 2351 941 2412 iuerat.
984 2351 1148 2429 Postquam
1164 2361 1219 2408 aa·

256 2487 293 2529 ro
309 2470 343 2529 in
358 2469 488 2548 patriam
505 2469 654 2543 redierat,
678 2471 835 2540 notiones,
858 2486 933 2547 quas
951 2466 1059 2527 iudea
1086 2467 1220 2546 pueritia

259 2594 468 2658 contraxerat,
494 2587 752 2648 confirmabantur
766 2597 798 2649 et
815 2586 1016 2666 augebantur.
1060 2583 1176 2658 Quibus
1193 2586 1220 2644 si

255 2705 398 2765 addamus
416 2707 557 2779 Gustavi,
571 2727 650 2786 quae
667 2707 847 2779 laudantur,
868 2703 1082 2786 perspicaciam
1100 2711 1132 2763 et
1149 2719 1219 2762 acre
1330 2787 1333 2798 Ι

252 2821 421 2900 judicium,
445 2823 637 2904 prudentiam
655 2833 688 2882 et
712 2825 925 2897 tenacitatem,
955 2825 1115 2904 pietatem,
1144 2821 1218 2884 doc-

256 2942 367 3002 trinam
386 2950 418 3001 et
437 2940 644 3024 eloquentiam
663 2951 694 3001 et
713 2938 927 3001 fortitudinem
945 2947 977 2998 et
994 2939 1145 3018 regnandi
1167 2959 1216 3000 ar·

256 3066 333 3131 um,
357 3060 488 3120 maxima
505 3079 578 3120 sane
592 3077 735 3137 quaeque
750 3057 790 3116 ab
807 3057 873 3136 ipso
891 3055 1062 3136 perfectum
1088 3058 1130 3118 iri
1150 3077 1215 3120 sus·

255 3174 399 3254 picamur.
455 3175 457 3181 ’
