2690 4790
521 367 703 429 ¹-lbl-

117 556 205 636 cipes
222 557 421 638 civitatesque
444 553 644 618 smalcaldico
668 533 791 614 loedere
815 553 917 632 juncti
933 535 999 614 'sion
1015 536 1085 616 tun·

118 679 188 732 tum
216 673 383 734 Concilium
405 677 588 734 'recusarunt
614 691 720 732 verum
746 672 838 733 etiam
865 669 1002 731 libellum
1029 669 1080 755 (Ι)

116 790 225 850 confici
245 800 412 865 curarunt,
436 810 498 871 quo
514 809 616 852 canses
638 789 829 861 indicarunt,
853 787 965 870 quibus
981 789 1078 868 impe·

113 905 295 982 diebantnr,
329 910 493 990 quominus
526 909 599 970 huie
627 907 763 970 Concilio
792 925 824 968 se
851 905 1077 968 summitterent.

111 1022 150 1084 lit
167 1025 256 1086 hunc
272 1025 429 1098 libellum,
442 1043 501 1087 nna
518 1045 589 1087 cum
607 1025 849 1086 ldelancbthonis
865 1023 1018 1106 epistolis,
1040 1019 1079 1082 sd

109 1144 215 1204 varios
232 1141 369 1222 Europae
385 1162 469 1222 repes
489 1145 705 1224 principesque
732 1143 895 1214 miserant,
918 1142 963 1202 ita
986 1140 1079 1202 etiam

108 1261 205 1340 legati
228 1260 376 1320 Johannis
403 1261 573 1334 Proderici,
599 1262 745 1322 Senoniae
762 1261 926 1334 Eleutetis,
950 1271 982 1320 et
1001 1257 1076 1320 Phi·

107 1376 203 1458 lippi,
216 1378 337 1438 llassiae
354 1377 549 1459 landgravii,
568 1380 716 1440 llolmiam
725 1387 894 1452 venerunt,
906 1361 1073 1440 (iustarum

108 1504 267 1573 rogantes,
291 1503 328 1554 ut
349 1494 435 1556 *hanc
463 1495 639 1576 Principum
659 1498 883 1558 excusationem
901 1497 1017 1576 legeret
1040 1508 1073 1557 et

108 1631 172 1671 una
189 1631 259 1672 cum
276 1612 324 1672 his
351 1611 521 1672 doctrinam
543 1611 756 1691 Evangelicam
784 1613 968 1675 defenderet.
1010 1613 1073 1676 Re

108 1727 234 1807 spondit
259 1728 424 1789 Gustatus:
448 1728 536 1788 »Pro
564 1737 648 1788 certo
673 1730 809 1792 babeatis
832 1730 920 1794 nobis
938 1749 1072 1791 summae

108 1843 246 1904 laetitiae
263 1856 295 1906 et
311 1847 464 1927 voluptrii
482 1865 562 1921 esse,
585 1847 669 1927 quod
687 1859 750 1909 tam
777 1855 970 1917 constanter,
994 1844 1069 1904 lide·

107 1955 185 2020 liter
210 1971 243 2022 et
269 1963 398 2025 sollicite
425 1964 595 2028 doctrinam
619 1963 784 2024 Salvatoris
814 1962 912 2020 nostri
929 1960 958 2019 J.
978 1961 1011 2020 o.
1032 1960 1072 2022 sd

108 2078 207 2138 totius
224 2079 303 2140 orbis
319 2081 479 2142 christiani
496 2079 689 2142 commodum
707 2077 844 2139 foveatis.
886 2077 993 2157 lleqne
1014 2095 1070 2137 nos

106 2196 225 2268 minus,
244 2217 336 2278 quam
353 2197 389 2258 l).
400 2197 453 2267 V.,
477 2196 669 2276 evangelicae
685 2197 734 2256 illi
751 2195 908 2258 doctrinae
925 2213 982 2274 per
999 2211 1070 2274 pra·

106 2314 179 2374 uam
196 2314 253 2374 llci
271 2314 369 2373 dediti
388 2331 489 2374 sumus
508 2323 539 2374 et
557 2314 755 2376 manebimus.
786 2313 833 2374 Ab
850 2313 905 2376 illa
923 2313 999 2396 (lieo
1012 2315 1069 2394 jn·

105 2431 209 2512 rante)
219 2451 323 2510 neque
332 2431 470 2492 Pontifex
480 2477 488 2506 ,
500 2451 559 2494 nec
567 2433 645 2494 alius
654 2435 834 2513 quisquam,
846 2451 900 2492 nos
918 2431 1063 2504 abducet,

104 2549 227 2628 siPapa
244 2568 315 2608 oum
330 2549 528 2630 complicibus
545 2551 607 2611 suis
631 2549 750 2630 aliquid
776 2557 884 2613 contra
909 2567 976 2608 cam
1000 2567 1066 2609 ma·

104 2664 285 2726 chinaturus
304 2675 367 2739 est,
390 2667 424 2726 id
440 2685 511 2741 nos,
533 2667 668 2748 corporis
686 2676 719 2727 et
737 2685 829 2748 opum
846 2667 970 2727 summis
989 2667 1065 2726 viri·

102 2781 160 2842 bus
178 2783 264 2843 vobis
281 2783 394 2860 juncti,
417 2784 537 2844 amoliri
559 2785 753 2858 conabimur,
775 2803 876 2865 neque
892 2803 946 2844 nos
973 2785 1064 2844 aliter

101 2917 257 2978 geremus,
280 2921 373 2980 quam
398 2901 597 2964 christianum
616 2921 720 2983 regem
736 2901 845 2962 decet’
865 2900 924 2983 (2).
948 2901 1063 2976 Quibus

102 3017 203 3076 serbis
230 3015 310 3076 laeta
336 3017 479 3098 deinceps
499 3020 621 3098 junxit,
646 3041 742 3102 quum
759 3020 812 3083 A0.
837 3022 931 3094 lato,
954 3021 1060 3084 foede·

101 3135 177 3197 ratis
204 3136 324 3196 offerret
350 3138 431 3199 4000
455 3138 593 3218 peditum
620 3139 786 3213 auxilium,
810 3139 836 3200 si
858 3141 908 3200 vel
936 3159 973 3201 eo
999 3141 1057 3202 ali·

101 3252 224 3333 quando
240 3254 414 3334 indigerent
434 3252 492 3335 (3).

144 3359 349 3432 intereavero
368 3369 556 3431 Christianus
574 3370 640 3442 ΙΙΙ,
663 3369 776 3430 Daniae
799 3389 870 3443 rex,
896 3371 1060 3430 Gustarum

100 3485 335 3562 adhortabatur,
359 3496 396 3548 ut
421 3485 583 3548 foederatis
610 3486 812 3566 sejungeret.
855 3484 915 3559 Qui
935 3495 1053 3558 autem,

135 3729 177 3798 (ι)
196 3726 289 3780 Exstat
303 3727 330 3778 in
352 3723 484 3780 Brstsc
495 3727 550 3780 lrn.
571 3729 655 3796 Corp.
673 3728 807 3796 Reform.
820 3725 856 3779 T.
874 3723 940 3790 111,
955 3743 983 3792 p.
1000 3724 1059 3778 513.

134 3817 176 3885 (n)
195 3814 442 3878 Seelendorf,
463 3817 619 3868 Commeat.
637 3817 720 3894 Hist.
736 3825 767 3868 st
783 3813 874 3884 Apol.
891 3813 927 3866 ds
941 3814 1058 3866 nurm-

98 3906 248 3970 mnismo,
268 3905 331 3958 Lib.
355 3902 424 3969 ΙΙΙ,
446 3901 588 3970 s.xv1,
615 3905 704 3974 μα,
726 3919 754 3972 p.
776 3905 834 3974 ²47·
867 3919 893 3956 v.
919 3901 1051 3972 Dalin,

97 3995 115 4046 l·
133 3993 438 4152 filciaclclrdlsdorl,
455 4084 473 4134 l.
489 4099 513 4136 c.
530 4079 560 4136 S.
578 4080 668 4148 xxi,
686 4080 701 4149 ς
719 4083 771 4147 Se,
790 4098 816 4150 p.
834 4080 894 4136 dos.
