2668 4784
701 375 863 435 ..μμ

305 558 407 636 ripuit.
450 558 563 622 Narrat
588 557 710 641 quidem
735 557 1164 649 v.1)alin(1)cmtavnm
1186 572 1258 632 soli-

303 683 371 736 tum
390 677 515 740 Senatui
532 677 645 740 dedisse
654 677 888 757 jusjurandum,
912 685 965 745 sed
980 689 1144 768 quominus
1162 689 1259 752 hucin

301 813 340 856 re
356 795 448 858 fldem
469 797 526 878 ipsi
550 795 711 856 habeamus
746 795 822 860 hoec
856 801 1043 882 impediunt,
1084 807 1168 888 quod
1205 829 1261 869 nec

303 913 433 989 indicet,
446 915 594 976 undenam
602 915 681 978 hanc
691 913 868 977 relationem
878 918 1031 998 hauserit,
1044 943 1144 1006 neque
1158 927 1261 1008 expli-

304 1040 370 1104 cet,
393 1049 483 1111 quum
501 1032 620 1092 eunden
637 1033 677 1094 ob
691 1054 811 1098 causam
824 1057 879 1100 rex
891 1041 1106 1120 jusjurandum
1125 1046 1261 1125 repetie-

305 1149 366 1220 rit,
397 1169 490 1230 quum
518 1148 573 1210 ΑΘ.
597 1151 675 1212 1528
704 1173 758 1214 rex
784 1167 1000 1236 coronaretur3
1031 1161 1144 1240 quibus
1170 1183 1261 1244 prae·

305 1275 388 1326 terea
405 1265 464 1326 hoc
481 1263 651 1328 addendum
669 1278 731 1343 est,
756 1274 839 1352 quod
857 1275 947 1336 Sueoi
973 1297 1131 1359 nunquam
1159 1285 1260 1362 questi

302 1381 365 1442 rint
381 1382 421 1442 de
439 1382 580 1463 neglecto
595 1387 816 1467 jurejurando,
839 1412 925 1466 cum,
946 1395 1073 1456 moleste
1080 1396 1151 1456 illos
1170 1401 1259 1460 tulis·

301 1516 334 1558 se
346 1499 547 1578 jurisjurandi
565 1501 714 1564 formulae
730 1507 947 1581 mutationem,
960 1511 1131 1572 exillorum
1148 1514 1207 1577 hac
1222 1517 1260 1578 du

301 1633 336 1674 re
352 1616 485 1695 querelis
503 1617 594 1680 facila
611 1629 763 1700 appareat.

341 1734 401 1795 Sed
418 1742 450 1793 et
466 1734 527 1796 alia
544 1735 583 1796 ad
599 1739 835 1818 praeparandam
853 1761 958 1804 rerum
985 1765 1135 1808 morarum
1153 1769 1258 1810 emen·

301 1851 452 1916 &tionem
469 1857 600 1937 perfecit
628 1860 786 1924 Gustus-ue.
829 1861 954 1922 Scilicet
980 1863 1175 1926 Laurentium
1194 1869 1259 1928 An·

301 1979 407 2052 dreae,
430 1979 536 2039 Oleum
551 1988 583 2040 et
598 1980 795 2042 Laurentium
812 1979 896 2042 Petri
910 1981 948 2040 iis
961 1983 1109 2062 praefecit
1121 1987 1257 2046 muneri·

300 2096 370 2169 hus,
382 2095 493 2175 quibus
503 2141 511 2170 ,
523 2097 636 2177 singuli
652 2115 710 2178 pro
727 2096 866 2158 doctrina
883 2119 937 2159 sua
954 2109 986 2158 et
1004 2101 1124 2174 indole,
1148 2101 1256 2164 Refor-

268 2203 273 2210 ’
303 2213 465 2273 mationem
492 2215 618 2293 egregie
643 2213 789 2292 adjurare
813 2227 944 2296 possent.
985 2217 1104 2278 Etenim
1122 2220 1256 2281 Lauren-

298 2331 376 2390 tium
384 2331 537 2406 Andreae,
558 2351 650 2414 quem
666 2331 705 2392 de
722 2331 829 2406 rebus,
850 2353 920 2394 cum
938 2337 1167 2411 ecclesiasticis,
1192 2349 1256 2399 tmn

301 2465 372 2510 vero
402 2451 494 2510 etiam
524 2451 675 2530 politicis,
699 2449 894 2510 disserentem
927 2453 1101 2528 audiverat,
1132 2457 1255 2518 Cancel-

298 2567 408 2628 larium
426 2588 514 2628 suum
530 2567 619 2628 dixit.
661 2567 783 2629 Interea
797 2585 870 2631 vero
900 2569 1067 2630 lutherum
1095 2571 1134 2632 de
1163 2574 1256 2636 disci-

298 2685 442 2764 pulorum
471 2686 631 2746 conatibus
659 2689 821 2749 certiorem
839 2689 973 2760 fecerat,
996 2687 1162 2768 illumque,
1189 2711 1256 2751 cunr

299 2803 339 2865 de
356 2803 485 2864 fratrum
503 2812 534 2863 et
552 2801 690 2864 doctrine
709 2810 742 2861 et
758 2803 910 2878 moribus,
933 2814 1001 2865 tum
1018 2805 1056 2865 de
1073 2807 1190 2886 optimo
1207 2829 1256 2868 re*

299 2921 447 2983 formandi
464 2921 554 2982 modo
567 2922 818 3000 interrogaverat.
861 2923 994 3001 Accepta
1007 2921 1150 3003 deinceps
1167 2923 1254 2986 aLu-

297 3039 387 3100 thero
413 3039 556 3120 epistole,
578 3059 639 3120 qua
655 3041 722 3118 regi
738 3037 791 3098 hic
804 3038 1020 3119 persuadebat,
1045 3051 1081 3100 ut
1098 3042 1131 3100 in
1146 3061 1254 3102 emen-

297 3156 395 3218 danda
413 3158 545 3220 Ecclesia
574 3157 729 3218 Laurentii
747 3165 778 3216 et
801 3157 867 3217 olei
883 3165 1025 3232 ,uteretur
1051 3159 1185 3235 auxilio,
1211 3159 1255 3222 el·

299 3287 400 3337 terum
418 3277 598 3356 Theologiae
616 3275 817 3337 Professorem
834 3277 949 3336 creavit
966 3278 1000 3336 in
1018 3275 1178 3339 Academia
1195 3277 1256 3358 Up-

299 3393 433 3466 saliensi,
455 3393 585 3454 alterum
602 3411 675 3452 vero
692 3392 839 3454 Holmium
856 3395 1008 3469 evocavit,
1032 3396 1110 3455 utin
1126 3395 1184 3455 hac
1201 3413 1254 3453 ur·

298 3512 337 3572 he
363 3509 549 3574 emendatum
582 3509 751 3570 doctrinam
785 3521 978 3592 propagaret.
1021 3514 1103 3585 Quae
1134 3513 1250 3584 omnia,

298 3638 485 3710 quantopere
502 3629 540 3688 ad
556 3627 676 3688 felicem
689 3629 929 3708 praeparandum
940 3629 1173 3692 liciormationis
1184 3651 1252 3692 suc·

296 3767 412 3810 cessum
439 3747 578 3808 conferre
597 3749 768 3828 potuerint,
791 3748 895 3826 paucis
912 3767 1104 3828 opponemus.

335 3867 484 3926 Nimirum
522 3865 701 3929 Laurentius
736 3861 890 3936 Andreae,
923 3867 971 3924 vir
1007 3867 1124 3945 patriae
1153 3887 1254 3932 amore

333 4125 372 4196 p)
392 4120 602 4192 neum,
621 4123 653 4180 r.
672 4123 706 4191 1,
726 4142 748 4180 c.
768 4145 803 4192 α,
825 4129 841 4195 o
860 4143 901 4177 ιο.
