2698 4792
648 381 811 441 „20-

248 559 382 640 pstebb,
403 560 567 632 uirorum,
599 578 730 640 quoram
758 573 791 623 et
808 561 947 625 doctrina
964 564 1216 644 et-exemplozin

246 676 366 736 §santii
388 675 461 738 aula
484 677 702 740 instituebatur
740 679 906 753 dustanus,
939 699 1044 741 eruam
1071 693 1215 761 non-po·

246 794 341 854 tuisse
356 813 419 855 non
434 795 536 856 valere
552 797 592 857 ad
610 796 800 860 formandum
827 798 967 860 faturum
985 814 1089 858 rerum
1103 813 1216 858 sacra·

247 933 317 974 rum
336 915 369 974 in
387 916 494 976 Sueeia
511 916 753 978 instauratorem.

289 1031 376 1107 Quod
392 1035 488 1112 magis
504 1035 596 1095 etiam
618 1035 705 1095 nobis
721 1035 893 1116 apparebit,
914 1034 942 1094 si
959 1029 1215 1114 perpenderimus

239 1151 414 1211 dustasum
438 1152 473 1210 in
499 1150 557 1212 hac
581 1153 651 1213 aula
667 1153 826 1214 literarum
845 1150 1020 1230 cognitione
1035 1149 1128 1208 fnisse
1146 1149 1214 1208 im-

246 1268 365 1330 bntnm.
393 1271 554 1350 Quomagis
572 1280 674 1332 antem
691 1271 767 1332 haec
785 1271 921 1351 cognitio
938 1269 1064 1341 summi,
1076 1268 1213 1329 docente

239 1387 388 1460 historia,
420 1400 487 1450 erat
512 1390 678 1464 momenti,
711 1391 745 1449 in
773 1388 932 1451 excitanda
949 1386 1212 1470 propagandaeque

241 1503 483 1578 deformatione,
507 1525 544 1566 eo
561 1507 657 1584 magis
673 1505 839 1566 dolendum
858 1515 921 1579 est,
945 1504 1106 1566 historiens
1126 1507 1209 1566 Sue-

245 1621 325 1682 ciens
349 1630 411 1681 tam
449 1641 555 1702 parcos
587 1622 680 1682 irrisae
717 1622 750 1678 in
783 1623 986 1701 exponendis,
1019 1643 1099 1703 quae
1125 1623 1211 1684 hane

241 1757 363 1800 causam
389 1748 536 1819 spectant.
586 1738 706 1799 Etenim
733 1747 848 1817 quauta
875 1737 1033 1798 doctrinae
1050 1737 1136 1818 copia
1153 1741 1210 1800 iu·

242 1855 388 1916 claruerit
431 1856 553 1928 lirinus,
593 1875 715 1937 prorsus
751 1856 905 1934 ignorasse
940 1855 1102 1927 videntur,
1145 1875 1209 1918 nec

238 1973 340 2034 multa
367 1973 513 2034 exhibent
539 1975 718 2055 specimina,
750 1995 768 2036 e
796 1975 908 2057 quibus
929 1983 1094 2054 appareant
1111 1971 1206 2034 llem-

242 2091 350 2170 miupii
367 2093 462 2152 animi
479 2093 656 2172 ingeniique
672 2093 767 2155 dotes.
808 2093 892 2154 llnrrs
907 2093 937 2153 'J
947 2092 1136 2153 ohannes
1162 2090 1203 2152 ll.

241 2209 303 2266 riri
330 2208 523 2268 celeberrimi
552 2210 640 2272 nobis
665 2211 856 2272 conservavit
883 2210 1068 2282 orationem,
1101 2225 1203 2288 etqua

240 2323 390 2384 nonnulla
415 2323 453 2384 ad
478 2343 543 2384 rem
570 2334 706 2386 nostram
724 2328 934 2407 explicandam
953 2328 1112 2400 facientia,
1125 2327 1202 2386 ‘col-

240 2439 338 2520 ligere
363 2441 464 2504 liceat.
506 2441 625 2502 Etenim
651 2462 689 2502 ex
715 2443 773 2504 hac
791 2444 929 2503 matione
944 2441 993 2523 (l)
1010 2445 1202 2522 virumcog-

240 2562 409 2638 noscimus,
451 2563 507 2642 qui
541 2581 604 2622 nou
640 2562 730 2624 modo
755 2581 825 2623 cnm
850 2560 1048 2640 scriptoribus
1075 2559 1199 2635 latinis,

241 2689 279 2738 nt
296 2681 457 2754 Cicerone,
470 2680 593 2752 Ovidis,
606 2681 691 2755 aliis,
712 2682 846 2761 aliquam
864 2690 948 2742 certe
963 2679 1202 2743 familiaritatem

234 2797 416 2872 'contraxit3
439 2796 491 2856 sed
517 2799 609 2858 etiam
635 2796 669 2853 in
687 2798 758 2858 Cod.
778 2800 808 2858 S.
827 2819 890 2859 non
905 2801 996 2879 plane
1013 2799 1119 2880 hospes
1137 2807 1203 2858 erat

240 2913 397 2978 dicendus.
450 2920 611 2998 Quumque
646 2936 719 2977 vero
753 2925 912 2997 praeterea
945 2937 984 2976 ex
998 2917 1116 2977 ‘eedem
1130 2915 1202 2976 bae

241 3033 380 3092 oratione
406 3043 525 3112 pateat,
558 3035 780 3113 hemminpium
807 3043 840 3093 et
865 3033 1010 3094 historiae
1028 3035 1202 3114 cognitione

240 3159 275 3209 et
302 3149 479 3230 eloquentia
501 3151 646 3224 valuisse,
670 3171 809 3231 maguam
833 3171 870 3211 ex
888 3151 981 3230 hujus
998 3152 1058 3210 viri
1076 3151 1200 3212 institn-

243 3268 327 3328 tione
353 3269 387 3328 in
417 3269 583 3331 Gustavum
601 3268 784 3330 redundasse
800 3269 983 3343 utilitatem,
1007 3289 1069 3330 noo
1088 3279 1202 3329 temere

244 3387 434 3449 affirmamus.
458 3390 513 3449 Cui
531 3391 699 3451 sententiae
717 3391 814 3469 major
833 3388 905 3450 iude
922 3387 1105 3460 acceditvis,
1119 3384 1202 3466 quod

244 3505 451 3586 llemmiugius
469 3507 617 3588 singulari
634 3509 768 3568 amicitia
782 3507 937 3585 amplexus
955 3516 1001 3566 est
1015 3505 1197 3578 Gustavnm,

241 3625 299 3702 qui
324 3626 367 3685 ita
393 3625 477 3684 illius
504 3625 710 3686 admirabatur
735 3624 922 3695 doctrinam,
946 3619 1151 3700 eloquentiam
1168 3631 1201 3680 et

243 3769 512 3788 Ἤ

277 3862 320 3932 (1)
339 3861 411 3912 llaec
424 3863 525 3916 oratio:
541 3877 596 3931 pro
605 3861 731 3929 foedere
758 3863 916 3914 Succorum
935 3875 999 3910 cnm
1016 3855 1198 3911 lubecensi-

242 3952 295 4004 bus
321 3958 350 4000 et
375 3966 472 4002 eorum
494 3947 710 4020 confoederatis
731 3951 876 4015 ineundo,
905 3951 931 4000 iu
954 3949 1128 4016 regniaensta
1144 3949 1199 3999 ha·

243 4043 318 4105 bita,
340 4045 422 4090 exstat
444 4039 470 4090 in
503 4037 587 4092 Olai
617 4036 672 4103 M„
700 4038 782 4092 Hiar.
808 4039 870 4093 Lib.
893 4034 987 4102 Vlll,
1013 4054 1037 4090 c.
1064 4039 1116 4105 te,
1142 4055 1198 4107 pag.

239 4133 289 4205 357
305 4160 322 4178 .
338 4129 396 4202 547.
