2690 4790
548 387 728 458 4180-

187 580 310 642 Etenim
320 580 467 646 (iustavas
474 581 563 644 Pout.
574 583 820 645 aomanommsn
834 583 967 645 Ecclesia
983 581 1111 648 Suecioa

145 700 363 760 sumariam
388 700 558 771 imminuo,
591 701 668 781 quin
700 702 762 762 imo
793 675 998 774 ausaausa,
1031 701 1105 782 apsa

143 817 360 895 praestandae,
384 817 581 878 renuntiavit.
625 817 727 892 Quod,
751 826 787 877 ut
804 837 822 876 e
838 817 966 897 singulis
981 815 1110 879 (instari

144 933 325 1008 conatibus,
347 932 526 996 Pontificum
543 934 677 1014 legibus,
701 936 765 996 sire
780 934 928 1008 decretis,
940 927 1103 1015 oppositis,

143 1049 220 1110 satis
237 1049 403 1130 probatur,
426 1052 469 1112 ita
487 1052 665 1130 singulatim
691 1063 871 1134 apparator
890 1052 1103 1134 epistolarum,
1191 1049 1198 1056 ’

145 1165 234 1246 quod
260 1167 390 1228 Gustare
416 1187 487 1230 oum
516 1169 663 1230 Pontifica
690 1169 769 1244 fuit,
802 1171 993 1236 commercio.
1043 1169 1108 1230 ilex

144 1283 228 1343 enim
256 1284 444 1344 nouaclum
471 1284 526 1346 Jus
553 1287 753 1362 (laconicum,
786 1287 975 1348 auctoritatis
993 1285 1109 1366 papalis

141 1400 348 1481 praesidium,
371 1421 408 1462 ex
426 1403 559 1464 Ecclesia
573 1404 698 1465 Suecica
712 1405 901 1485 proscripsit,
925 1423 1030 1463 rerum
1048 1403 1108 1463 eti·

143 1537 194 1580 am
211 1519 370 1592 Pontifici,
395 1521 494 1600 ipsum
508 1520 648 1599 jubenti,
672 1521 796 1582 obedire
812 1521 973 1583 recusavit.
1015 1519 1109 1598 Cujus

143 1633 272 1714 quidem
291 1637 338 1696 rei
354 1637 493 1716 exempla
509 1637 637 1700 historie
653 1639 742 1698 nobis
759 1657 822 1699 non
839 1638 1012 1720 suppeditat
1037 1656 1107 1700 cre·

143 1751 301 1830 berrima3
323 1753 375 1814 sed
403 1771 500 1834 quum
527 1755 619 1814 facile
641 1755 701 1816 hoc
719 1776 756 1816 ex
773 1775 810 1817 eo
829 1757 976 1836 explicari
993 1756 1107 1834 possit,

144 1869 232 1951 qnod
251 1871 413 1934 Pontifices
431 1872 492 1934 hoc
510 1882 646 1954 tempore
663 1873 830 1932 multarum
847 1889 951 1930 rerum
970 1869 1109 1931 curado-

146 1987 325 2048 tinetentur
348 2006 366 2049 a
387 1988 520 2050 curanda
537 1989 687 2060 Ecclesia,
711 1988 783 2048 satis
802 1987 893 2067 longe
910 2005 928 2047 a
946 1989 1032 2048 curia
1048 1988 1110 2049 llo-

18 2173 25 2190 ,
148 2124 243 2166 mana
260 2117 391 2181 remota,
416 2123 529 2176 uuum,
553 2103 638 2183 quod
663 2104 825 2164 retulimus
851 2105 1022 2185 exemplum
1042 2103 1108 2186 (l),

146 2223 268 2284 ratione
295 2224 387 2283 simul
418 2221 523 2285 hahita
555 2220 746 2300 singulorum
776 2222 900 2282 Gestari
926 2231 1107 2296 conatuum,

144 2339 260 2433 sufficit
279 2335 541 2418 adprobandum,
566 2340 746 2414 (iustarum,
767 2341 881 2422 quippe
898 2341 1111 2402 auctoritatem

143 2459 290 2538 papalem
309 2475 346 2518 cr
374 2455 506 2517 Ecclesia
529 2457 655 2520 Sueoica
677 2459 930 2538 proscribentem,
953 2459 1111 2521 lieiorma·

144 2577 264 2638 tionem
284 2574 449 2636 induxisse.

103 2763 113 2780 .
182 2693 223 2756 llt
254 2712 327 2753 vero
353 2693 411 2754 hac
428 2702 524 2773 parte
549 2692 713 2756 Ecclesiam
739 2691 927 2766 emendavit,
959 2693 1003 2756 ita
1029 2691 1111 2754 idem

144 2813 230 2892 egit,
253 2831 350 2891 mrum
370 2819 503 2872 caeteros
517 2810 742 2872 Ecclesiastioos
761 2820 792 2870 et
810 2809 970 2872 Monachus
993 2829 1029 2870 ea
1045 2811 1111 2890 pri·

144 2939 235 2990 rarat
260 2930 443 2990 auctoritate
469 2930 568 3009 iisque
593 2929 726 3002 (lirinis,
760 2949 839 3010 quae
863 2931 928 2991 aS.
948 2929 1019 2992 (lod.
1038 2951 1108 2992 sen·

147 3047 247 3107 tectis
273 3047 364 3126 plane
391 3045 606 3108 abhorrebant.
656 3047 790 3110 Plurima
823 3059 912 3111 autea
943 3049 1037 3131 hujus
1063 3052 1110 3112 rei

147 3165 381 3226 commemoravi
406 3166 553 3245 exempla.
585 3166 668 3240 Quae
685 3167 710 3226 si
733 3167 923 3246 colligimus,
945 3170 1110 3228 (iustarum

148 3281 241 3343 modo
269 3281 508 3344 animadvertere
524 3281 615 3353 licet,
640 3283 826 3342 Clerioorum
844 3291 877 3341 et
896 3281 1111 3346 Monaohorum

150 3417 170 3458 a
188 3399 311 3460 tributis
328 3400 551 3460 immunitatem
569 3397 745 3471 tollentem,
767 3398 857 3460 modo
884 3418 956 3460 raro
982 3399 1111 3462 eundem

151 3517 322 3590 cernimus,
335 3516 462 3577 illorum
479 3514 614 3576 facinora
629 3515 784 3595 judicibus
802 3515 1113 3598 civilibusjudioanda

152 3635 404 3696 committentem.
448 3633 552 3706 Nunc,
585 3642 621 3694 ut
647 3633 867 3714 possessionum
885 3637 1037 3716 catalogos
1053 3638 1113 3718 ipsi

152 3751 327 3825 traderent,
347 3751 440 3830 jussit
450 3772 459 3827 3
471 3751 537 3830 jam
553 3771 626 3812 vero
643 3753 784 3814 instituta
800 3753 947 3829 abolevit,
967 3774 985 3816 e
1002 3755 1115 3836 quibus

154 3869 234 3931 bona
260 3868 471 3932 Ecclesiastico
498 3870 647 3950 originem
672 3891 756 3934 suam
783 3871 943 3934 duxerant.
984 3870 1071 3964 llodo
1096 3892 1114 3933 a

192 4124 235 4194 (ι)
256 4121 343 4190 Supra
360 4138 419 4190 pag.
434 4117 477 4172 65.
