2668 4784
674 353 776 416 -db
795 385 836 396 -

284 539 481 622 decretali).
512 541 660 602 dmum
674 546 778 604 autem
791 549 863 620 post
880 538 1039 607 biennium
1055 537 1165 620 (1⁰27)
1185 541 1232 602 ol·

286 659 407 718 fieinam
425 657 590 740 suppressit
607 667 639 718 et
656 656 778 718 tandem
796 657 956 719 brsskinm
983 658 1082 720 vetuit
1109 660 1144 718 in
1170 678 1237 739 pos·

286 785 387 858 terum
406 778 484 858 typis
504 775 580 858 quid
597 775 759 855 evulgare,
782 775 841 836 nisi
867 795 923 838 rex
950 785 1051 838 ratum
1076 775 1157 838 illud
1185 775 1237 836 ba·
1326 774 1327 814 ³

284 893 400 978 bnisset
420 892 479 974 (2).

309 1012 405 1094 ‘liaeo
422 1031 493 1072 sane
509 1010 620 1092 agendi
637 1012 716 1072 ratio
741 1011 813 1070 satis
839 1030 994 1091 superque
1022 1012 1129 1073 dooere
1155 1011 1241 1072 vide·

286 1139 356 1202 tur,
379 1129 544 1190 Gustavum
561 1130 595 1190 iu
613 1148 717 1190 rerum
734 1147 888 1190 sacrarum
906 1129 1120 1190 emendatione
1137 1130 1241 1211 politi·

280 1247 330 1306 ois
347 1245 455 1308 studiis
472 1246 599 1308 duotum
613 1245 721 1320 fuisse,
745 1249 859 1328 quippe
884 1267 963 1327 quae
982 1247 1168 1321 effecerunt,
1192 1257 1238 1319 ut,

285 1383 432 1424 summam
461 1367 495 1426 in
520 1385 569 1428 res
594 1365 728 1444 singulas
756 1367 970 1426 auctoritatem
996 1365 1133 1439 inhians,
1156 1366 1246 1426 eras-
1327 1417 1328 1438 ,

284 1481 340 1542 luo
355 1480 572 1558 interdiceret,
595 1502 675 1560 quae
693 1482 879 1544 interdicere
905 1502 937 1543 se
951 1502 1040 1563 posse
1058 1493 1132 1544 ante
1158 1483 1242 1542 bien·
1327 1459 1328 1479 Χ

284 1601 370 1660 nium
387 1610 561 1680 negaverat.
604 1598 709 1674 Quid?
730 1599 813 1680 quod
841 1601 956 1679 injuste
982 1601 1078 1680 egisse
1103 1599 1240 1672 videtur,

285 1737 399 1798 quum,
423 1717 506 1797 quod
523 1718 557 1776 in
576 1717 705 1778 Lutheri
731 1715 888 1778 doetrinae
905 1717 1099 1778 nornmodum
1118 1718 1244 1778 admise-

286 1846 352 1910 rat,
385 1835 514 1896 liberam
542 1834 582 1894 de
606 1854 642 1895 re
672 1835 849 1914 gravissima
877 1833 1119 1914 disquisitionem
1141 1836 1243 1896 inter-

285 1953 420 2038 diceret,
452 1951 506 2012 ubi
534 1950 610 2014 baeo
630 1950 669 2012 ad
686 1949 907 2010 defendendam
931 1951 1113 2031 religionem
1137 1972 1244 2033 reoep-
1327 2017 1328 2025 ,

287 2083 351 2134 tam
380 2071 482 2132 volere
510 2069 667 2150 potuisset.
709 2067 851 2128 Attamen
878 2068 1056 2146 epistolam,
1089 2089 1181 2150 quam
1208 2069 1247 2130 ad
1328 2105 1329 2112 κ

284 2189 443 2250 Braslrinm
453 2187 554 2260 dedit,
566 2189 627 2247 rite
645 2187 793 2266 legentes,
818 2184 909 2246 laoile
926 2185 1144 2264 intelligimus,
1170 2188 1246 2248 Gus-

284 2314 388 2364 tavum
417 2302 593 2374 affirmasse,
620 2302 673 2378 jus
702 2302 741 2361 ad
769 2301 962 2380 prohibenda
980 2301 1107 2364 Lutheri
1135 2303 1248 2384 scripta

290 2421 349 2484 sibi
384 2439 447 2481 nou
483 2437 562 2491 esse,
596 2414 842 2495 quandoquidem
874 2418 979 2477 nullus
1008 2421 1047 2480 ad
1078 2421 1169 2480 illum
1196 2441 1246 2480 us-
1330 2447 1332 2502 g

288 2559 350 2624 qne
377 2539 458 2599 diem
487 2533 674 2616 argumentis
697 2531 902 2612 probaverat,
926 2533 1155 2612 ejusmodijsslis
1175 2559 1247 2600 oon-
1331 2539 1332 2550 ¹

286 2659 382 2720 tineri
399 2658 586 2730 doctrinam,
610 2673 706 2735 quse,
729 2661 837 2732 utpote
853 2653 980 2712 veritati
996 2655 1150 2734 opposita,
1175 2676 1247 2735 pro-

286 2773 421 2836 hibenda
437 2782 526 2832 esset.
549 2773 649 2846 Qutun
666 2789 739 2830 vero
757 2769 901 2850 deinceps
919 2781 1037 2832 vetaret
1052 2771 1243 2853 Episcoptun,
1330 2743 1332 2826 i

287 2896 369 2976 typis
386 2891 463 2973 quid
482 2888 641 2968 evulgare,
666 2886 726 2945 nisi
742 2886 876 2965 primum
895 2889 990 2966 ipsius
1004 2891 1137 2949 examini
1152 2893 1246 2972 scrip·

289 3022 324 3074 te
343 3029 396 3070 sua
414 3007 614 3076 submisisset,
637 3001 730 3080 hujus
756 3002 802 3061 rei
830 3021 919 3064 causa
946 3005 980 3062 iu
1006 3025 1042 3065 eo
1060 3017 1143 3080 erat,
1167 3008 1249 3088 quod

291 3125 452 3198 litaslrius,
476 3125 540 3183 sive
558 3122 623 3201 ipse
640 3117 784 3197 deeeptus
803 3127 898 3191 esset,
921 3121 984 3180 sive
993 3131 1028 3182 ut
1038 3123 1112 3184 alios
1126 3123 1247 3206 decipe·

291 3254 358 3318 ret,
382 3235 457 3304 talia
475 3240 531 3302 sub
548 3236 740 3319 imperatoris
757 3236 993 3298 nomineederet
1003 3241 1132 3321 scripta,
1146 3243 1248 3322 qualia

291 3382 399 3450 revera
416 3361 475 3442 ipsi
494 3356 656 3421 tribuenda
673 3375 735 3416 nou
753 3366 850 3416 eraut.
893 3356 967 3418 Rem
985 3357 1076 3438 plane
1084 3359 1248 3437 dijudicare

291 3503 354 3544 non
365 3461 550 3563 possumus3
572 3473 624 3535 sed
642 3475 676 3534 in
693 3473 773 3534 hano
792 3475 974 3534 sententiam
992 3493 1047 3534 rex
1063 3474 1243 3556 disputavit,

288 3619 388 3681 quum
406 3598 531 3658 bruelio
556 3595 693 3655 dicaret:
717 3619 729 3647 s
747 3589 964 3668 Imperatorem
982 3609 1147 3668 numquam
1176 3593 1247 3653 talia

293 3711 421 3804 edidisse
438 3713 576 3784 decreta,
601 3709 704 3790 qualia
720 3708 777 3788 ipsi
801 3707 967 3798 obtrudere
983 3718 1108 3770 conatus
1126 3709 1243 3782 fuerat,

288 3856 574 3876 *ιι-,-

328 3924 558 3993 (s)v.Dslin,
579 3921 986 3995 1.c.T.111,P.1.c.e,§
1005 3928 1046 3980 18.

325 4014 366 4080 (n)
386 4011 635 4078 Strinnholm,
656 4012 760 4082 Lep·
776 4011 845 4077 tea,
869 4009 984 4066 Olane
1006 4010 1166 4080 Celsius,
1186 4018 1207 4071 l.
1223 4035 1245 4070 c.

288 4117 315 4168 p.
331 4098 396 4167 5325
414 4118 441 4157 v·
458 4099 600 4170 Gsijer,
618 4102 636 4154 b
655 4119 679 4154 c.
693 4121 720 4175 p,
735 4103 789 4168 48,
807 4108 854 4157 not
869 4101 896 4155 8·
