2690 4790
534 401 713 464 -1tt-

129 581 205 650 ticis
223 583 409 671 praestanda.
451 589 612 670 Postquam
631 601 705 650 vero
722 591 768 652 ita
784 587 859 652 llaec
884 593 963 654 ratio
990 590 1092 652 luerat

129 715 268 782 mutata,
292 717 327 768 ut
347 697 464 770 Clerici
476 707 611 769 docendo
635 709 844 770 tautummodo
863 717 896 768 et
921 709 1087 784 mouendo,

127 823 323 888 adhortando
341 837 374 886 ct
392 821 658 906 reprehendendo,
682 835 817 887 caeteros
836 825 1022 887 Christianos
1039 845 1089 888 re·

124 953 259 1021 gerent,
282 945 427 1006 nuntiari
444 965 505 1007 uon
523 946 641 1026 potnit,
665 947 743 1026 quin
759 945 836 1006 haec
861 963 966 1004 rerum
992 953 1091 1006 muta-

123 1062 172 1122 tio
191 1059 336 1142 magum
360 1061 485 1122 haberet
511 1060 573 1121 rim
600 1063 633 1120 in
652 1070 854 1143 utrorumque
870 1073 903 1122 et
923 1061 1093 1123 minam

124 1161 160 1242 et
178 1180 286 1241 vitam.
327 1179 389 1242 ileo
414 1189 518 1241 tamen
542 1179 691 1240 Gustatus
710 1178 951 1242 Christianorum
976 1181 1093 1242 doctri·

122 1315 199 1357 nam
218 1316 380 1378 moresque
397 1307 524 1358 eatenus
541 1297 634 1357 unice
647 1298 838 1372 emendavit,
857 1299 1092 1378 quatenushaec

120 1416 301 1476 emendatio
319 1424 427 1494 sponte
454 1435 507 1474 sua
533 1433 603 1474 cum
630 1415 796 1492 Regiminis
820 1415 1022 1480 Ecclesiastioi
1040 1420 1091 1480 in-

121 1531 320 1594 stauratione
347 1532 513 1610 conjuncta
541 1540 623 1604 erat,
646 1549 717 1592 uam
733 1542 896 1614 utramque
912 1536 1089 1616 singulatim

118 1650 220 1710 illum
236 1669 357 1710 curasse
383 1650 475 1710 variis
499 1649 686 1728 argumentis
710 1651 833 1731 probari
848 1661 958 1732 potest.
1002 1654 1090 1729 Quod

122 1777 249 1842 tamen,
274 1777 309 1828 ut
327 1769 388 1828 rite
404 1769 627 1848 intelligamus,
651 1769 802 1830 videamus
820 1782 892 1832 ante
905 1791 1029 1832 necmse
1044 1781 1092 1832 est

120 1887 163 1948 de
181 1881 346 1966 utriusque
363 1896 435 1946 ante
454 1889 618 1948 (iustarum
633 1889 817 1949 conditione.

130 2032 133 2038 ¹
165 2005 334 2078 Nimirum,
358 2023 453 2084 quum
463 2005 623 2066 Pontifices
632 2006 818 2082 illorumque
835 2005 942 2064 vicarii
959 2005 993 2063 iu
1009 2005 1089 2065 illud

119 2121 266 2202 inprimis
274 2122 497 2194 incubuissent,
520 2132 557 2180 ut
574 2139 660 2180 suam
675 2119 848 2180 stabilirent
856 2123 1086 2197 auctoritatem,

121 2237 314 2298 Clericus-um
332 2257 429 2318 aeque
455 2257 492 2296 ac
519 2237 677 2298 laicorum
702 2237 841 2302 doctrina
868 2249 901 2300 et
927 2241 991 2300 vita
1016 2260 1088 2322 par·

118 2355 154 2415 ri
162 2354 374 2428 ducebantur,
391 2355 451 2414 nisi
468 2355 541 2416 huic
558 2356 733 2420 auctoritati
749 2355 987 2436 refragarentur.
1020 2360 1088 2434 Quo

120 2471 313 2544 factumest,
325 2481 362 2534 ut
379 2471 503 2534 illorum
520 2476 691 2548 institutio,
715 2495 855 2554 magnam
868 2487 1003 2555 partem,
1027 2495 1084 2536 ne-

118 2591 304 2670 gligeretur.
325 2590 445 2652 Etenim
456 2591 525 2652 God.
538 2594 567 2651 S.
578 2635 586 2661 ,
599 2601 734 2668 utsupra
743 2590 864 2662 monui,
887 2607 944 2650 nec
954 2589 1081 2668 Clerici,

118 2727 180 2768 nec
195 2709 279 2768 Laioi
294 2709 519 2786 intelligebant.
561 2705 663 2764 Omnis
680 2715 782 2766 autem
809 2707 968 2768 Laioorum
995 2711 1086 2772 inati-

118 2825 206 2884 tutio
229 2843 266 2882 eo
292 2823 521 2894 absolvebatur,
553 2831 589 2882 ut
617 2821 714 2882 Potor
732 2835 852 2899 aester,
876 2826 1081 2902 Antilaeia,

122 2942 242 3016 Orode,
274 2941 308 3000 iu
334 2941 471 3020 linguam
494 2941 688 3002 vernaculam
708 2943 869 3016 translata,
893 2963 995 3005 coram
1011 2945 1086 3026 ipsis

118 3059 299 3139 legerentur
324 3057 383 3141 (1).
427 3061 578 3136 Quantum
596 3079 669 3122 vero
687 3081 706 3122 e
722 3061 862 3142 neglecta
888 3064 1084 3126 institutione

119 3177 266 3240 damnum
286 3179 402 3258 ceperit
419 3180 483 3238 vita
499 3199 570 3239 rere
590 3180 775 3254 Christiana,
797 3181 925 3243 historia
941 3185 1013 3244 satis
1029 3203 1083 3242 su-

118 3313 240 3376 perque
265 3295 363 3353 docct.
425 3294 544 3352 Etenim
572 3296 734 3354 Christiani
762 3297 896 3368 Sueoici,
937 3297 1083 3357 moralem

121 3412 237 3478 Christi
256 3409 412 3469 doctrinae
429 3409 563 3470 indolem
580 3409 662 3470 haud
675 3411 909 3490 perspicientes,
931 3413 1011 3474 hanc
1028 3433 1081 3474 ve·

119 3553 188 3596 ram
207 3532 388 3612 religionem
401 3537 563 3610 putarunt,
587 3549 648 3609 qua
663 3528 750 3591 aedes
767 3547 864 3589 sacras
881 3538 913 3588 et
929 3541 1080 3590 monate-

120 3653 169 3712 ria
185 3651 300 3712 divitiis
330 3649 538 3721 cumularent,
561 3648 677 3728 templa
702 3647 950 3730 frequentarent,
975 3649 1079 3710 obser-

120 3778 229 3829 vareut
246 3777 325 3828 stata
336 3767 527 3846 jejuniorum
546 3775 697 3846 tempora,
722 3777 840 3830 mactes
857 3769 1019 3831 adorarent
1045 3777 1078 3831 et

122 3886 390 3965 peregrinarentur
407 3883 441 3942 iu
458 3882 526 3944 loca
543 3901 643 3959 sacra,
667 3883 777 3948 verbo:
796 3896 923 3949 externa
940 3902 1080 3970 quaeque

158 4121 199 4191 (ι)
219 4121 444 4194 bageririug
462 4119 496 4174 Τ.
514 4119 561 4188 11,
577 4139 602 4176 c.
619 4141 668 4193 ¹9·
690 4125 706 4193 p
726 4138 767 4174 ιι.
