2668 4784
502 331 682 394 -131-

106 544 173 588 esse
189 523 404 600 adhaesurum
435 517 517 603 quod
538 515 770 598 indurandum,
789 526 988 600 'quantopere
1003 520 1067 582 tit-

104 643 203 708 lerret
219 663 236 704 a
252 643 342 704 solite
354 635 573 720 jussiarundo,
590 634 723 698 doceant
739 634 911 698 Innocentii
925 638 974 698 111
992 659 1064 703 ver·

103 762 162 824 ba:
178 761 361 834 ,lundensis
379 768 481 820 autem
496 752 796 835 Arati-Episcopus,
817 754 899 826 illud
907 752 1063 837 (telum)

102 878 278 960 decipiens,
298 875 560 957 Aeolii-Epieaepe
580 873 728 937 Suetliee
750 873 866 937 tribuet
883 885 914 937 et
924 874 1063 954 fidelitas·

102 1006 163 1055 tem
191 1006 223 1054 et
244 993 449 1055 obedientiam
476 992 633 1053 Romanae
661 990 819 1050 Ecclesiae
849 992 1067 1074 jurejurando

95 1111 260 1194 promittet
278 1108 336 1192 (l).
378 1111 483 1171 Insula
499 1129 591 1190 porro
610 1109 791 1184 ornabatur,
816 1111 890 1172 dum
907 1113 974 1192 ipse
993 1119 1062 1168 tan·

99 1228 170 1290 dem
180 1229 345 1302 Gustavus,
363 1247 420 1307 pro
439 1247 536 1302 more,
557 1229 727 1306 antiquitus
745 1229 778 1288 iu
797 1229 905 1302 Sueeia
923 1237 1062 1308 recepto,

98 1345 244 1414 bseulum
271 1345 562 1424 archi-episeupale
588 1346 648 1424 ipsi
675 1349 801 1410 tradidit
828 1349 887 1432 (2).
929 1352 1012 1425 Quae
1038 1351 1064 1410 si

97 1463 308 1536 attendamus,
331 1463 444 1521 mirum
462 1479 532 1520 sane
550 1463 637 1523 nohis
655 1485 716 1526 non
735 1467 845 1528 tteeidit
867 1463 970 1530 Bzov
981 1469 1063 1528 ium

97 1580 274 1660 scripsisse,
298 1580 387 1640 nulle
404 1581 631 1640 consecratione
649 1581 937 1654 intumentium
954 1587 1059 1648 eattae

96 1699 190 1758 elram
209 1699 407 1759 Laurentium
423 1697 516 1757 luisse
533 1699 724 1774 eolleaatum,
737 1721 807 1763 nam
825 1704 940 1783 singuli
957 1705 1055 1780 ritus,

95 1817 153 1898 qui
171 1815 210 1876 ad
226 1817 483 1877 consecrationem
498 1817 652 1896 pertinere
679 1819 883 1878 censebantur
899 1819 934 1876 in
951 1815 1057 1878 Eccle-

95 1933 142 1998 sia
170 1931 490 2008 Romano-Catholiea,
514 1935 577 1996 sive
593 1936 706 1996 mutati
722 1935 866 2006 fuerunt,
888 1936 952 1996 sive
968 1954 1058 2014 prer-

95 2069 149 2110 sus
165 2050 274 2110 omissi.
296 2049 390 2130 llagis
408 2059 511 2112 autem
527 2053 691 2124 miramur,
715 2052 845 2112 eundem
864 2052 1061 2114 Laurentium

94 2167 339 2248 reprehendendi
356 2167 614 2247 opportunitatem
622 2166 693 2226 inde
701 2169 896 2246 quaesivisse,
909 2169 992 2250 quod
1008 2190 1060 2231 re·

95 2304 165 2346 rum
183 2287 362 2365 inexpertus
378 2283 484 2344 fuerit.
525 2285 618 2359 llam,
641 2305 681 2346 ne
699 2297 887 2368 repetamus,
911 2309 990 2373 quae
1007 2311 1059 2352 su·

91 2421 154 2482 pra
170 2401 210 2461 de
226 2403 293 2462 viro
311 2401 509 2462 celeberrimo
524 2402 673 2477 diximus,
707 2406 771 2465 sive
797 2407 892 2486 ipsius
919 2405 1059 2466 attendu-

91 2539 163 2580 mus
189 2517 376 2593 doctrinam,
411 2521 490 2592 sive,
524 2538 584 2598 qua
611 2521 791 2598 conspicuus
817 2529 900 2595 erat,
924 2521 1058 2582 indolem

91 2639 203 2698 mitem
230 2637 371 2717 quidem,
392 2635 445 2696 sed
460 2633 644 2714 intrepidam
661 2635 751 2696 simul
772 2633 839 2718 (3),
863 2638 984 2708 nullum
1001 2640 1059 2704 hoc

127 2932 170 3002 (1)
192 2927 261 2982 Data
276 2929 327 2980 fuit
343 2928 452 2996 epistola
469 2927 504 2980 ad
522 2927 673 2994 Andrean,
694 2930 960 3002 Archi-episcopum
977 2931 1057 2986 Lun-
1081 2996 1083 3002 ‚

90 3020 197 3074 densam
216 3018 267 3068 Αθ-
286 3035 360 3088 ¹²¹7·

127 3110 169 3178 (a)
187 3107 230 3160 De
247 3107 385 3160 Laurentii
398 3108 524 3160 electione
539 3117 566 3160 et
583 3111 777 3164 consecratione
792 3108 980 3175 Hallman,
998 3112 1017 3162 l.
1028 3127 1053 3164 e.

89 3213 116 3264 p·
133 3196 178 3249 61.
204 3191 369 3258 Baetice,
388 3197 408 3246 1.
424 3213 448 3246 c.
466 3215 493 3263 p·
509 3195 573 3250 664.

125 3282 165 3350 (5)
187 3279 312 3332 Desinere
335 3269 377 3332 mi
398 3297 452 3332 nou
474 3299 579 3348 possum
594 3301 608 3331 e
624 3281 793 3334 describenda
808 3281 941 3349 Epistulae
956 3292 1051 3350 parte,

89 3381 169 3441 quam
184 3369 301 3440 A01567
319 3369 352 3420 ad
369 3386 455 3437 regem
469 3367 575 3420 Esicum
592 3369 663 3424 XIV
681 3371 770 3432 misit,
789 3378 927 3438 postquem
942 3371 986 3424 hie
1001 3389 1054 3424 no.

90 3462 155 3514 bilta
179 3460 338 3523 nonnullus,
366 3458 417 3526 ipsi
437 3463 587 3526 mapectos,
614 3436 791 3510 iuterfeieret.
833 3457 873 3510 Ut
894 3459 963 3510 enim
987 3459 1053 3514 haee

90 3547 200 3616 epistola
216 3545 332 3600 declarat
349 3545 484 3610 studium,
503 3563 556 3615 quo
571 3546 698 3614 flagrabat
714 3547 888 3612 Laurentius,
907 3549 1051 3601 reducendi

89 3643 237 3704 peccatores
254 3634 282 3686 in
298 3634 433 3685 meliorem
449 3643 560 3686 mentem
570 3671 579 3699 ,
591 3635 627 3685 its
642 3633 719 3684 etiem
736 3635 821 3687 virum
835 3640 912 3694 nobis
928 3637 1051 3704 exhibet,

89 3742 168 3794 quem
190 3741 243 3776 non
268 3723 355 3793 quatit
377 3725 463 3776 vultus
486 3725 606 3777 instantia
627 3726 750 3794 tyranni:
768 3729 858 3790 Men,
878 3729 914 3779 ita
937 3729 999 3792 ille,
1020 3730 1052 3781 td

82 3814 159 3884 jagls
172 3830 294 3866 namnet
309 3813 379 3864 then
397 3814 600 3882 Alemetlttigs
621 3813 737 3866 cedem
750 3823 874 3884 strangu
891 3817 947 3868 ecla
969 3821 1052 3870 ratt-

90 3905 166 3954 wiea
188 3901 271 3966 dom,
293 3903 354 3954 61ιί-
374 3903 450 3970 juga
470 3902 512 3968 pt
537 3904 575 3954 E.
597 3905 691 3970 May:
708 3910 737 3952 τι
761 3919 881 3970 wagner
905 3905 970 3957 halt
979 3908 1054 3977 fiir.

88 3991 232 4050 slrdckt,
251 4000 326 4041 meet
352 3987 404 4041 oet
429 3989 508 4039 inter
529 3990 608 4044 lauru
623 4007 739 4042 swaras
758 3987 839 4040 stall
860 3991 893 4041 in
908 3993 965 4063 fir
983 3995 1054 4046 then

94 4079 272 4155 retiferdige
290 4080 485 4147 Dammana,
504 4077 553 4132 tte
571 4079 689 4148 iillrlige
708 4076 840 4130 dwanale
856 4079 1055 4144 Riddaresetia

909 4189 951 4248 9*
