2686 4792
244 391 320 436 svnt
545 361 903 434 CONSPEGTUS

245 578 265 620 a
284 558 416 619 Gtutavo
432 557 610 636 abrogatum
627 563 661 616 et
677 571 756 618 nova
773 555 866 636 liujus
883 555 982 618 forma
998 553 1125 618 induet·

247 670 280 720 et
298 656 462 720 viudieeta.
482 689 523 706 --
542 657 757 738 Episeoporum
780 677 866 720 areos
882 657 1125 738 expostulentur.

245 761 415 822 Fennorum
434 759 712 821 Eeelesiastieornm
728 777 799 839 pere
817 761 850 822 in
873 759 991 840 publiei
1017 757 1127 820 aerarii

224 881 335 922 usum
352 879 507 922 conversa.
528 893 570 908 --
594 860 792 922 lleeretorum
818 861 1024 922 drosiensium
1049 859 1126 920 abu·

247 981 297 1024 sua
322 961 446 1022 sublati.
476 993 518 1007 ·-
546 961 702 1022 Laurentii
720 963 804 1022 Petri
828 961 867 1022 ad
891 981 1002 1022 munus
1026 959 1127 1022 nrehi·

246 1063 417 1146 epieeopele
433 1062 554 1124 eleetio.
574 1097 616 1110 -
633 1064 774 1142 Ejusdem
797 1065 984 1126 enumeratio
1003 1097 1046 1112 -
1063 1063 1132 1122 nu-

246 1164 362 1245 eiplinu
378 1163 605 1238 lleelesiastiea,
623 1163 974 1226 dseretisdrosieusibus
992 1163 1129 1224 multum
1148 1191 1151 1200 v

245 1275 380 1338 mutata,
422 1265 552 1328 ulterius
585 1267 679 1328 etiam
713 1266 881 1327 emendate.
910 1299 954 1314 -
982 1266 1129 1345 Georgius

245 1369 409 1429 Hermann.
429 1399 472 1414 -
491 1367 590 1428 Poena
608 1367 673 1428 Olai
691 1367 775 1428 Petri
784 1376 815 1427 et
824 1365 913 1428 Laur.
927 1366 1076 1428 Andreae.
1087 1397 1130 1412 -

247 1469 372 1530 Gustavi
394 1487 464 1528 eum
487 1468 573 1548 nepti
599 1467 838 1529 matrimonium
859 1501 900 1516 -
919 1467 1124 1548 Bisquiritur‚

246 1571 524 1649 emunctorium,
548 1588 610 1650 quo
627 1570 798 1649 proposito,
822 1588 886 1648 qna
904 1569 1041 1643 ratione,
1063 1587 1126 1648 quo

247 1683 360 1732 eventu
378 1672 527 1733 Gruterus
552 1671 701 1751 Regimen
717 1669 960 1730 Eeelesimtieum
989 1668 1131 1730 emenda·

246 1774 353 1836 verit.
377 1819 407 1835 .,
408 1810 1055 1834 .....................
1077 1790 1109 1849 p.
1136 1768 1212 1830 121.

287 1874 466 1938 Gurtavi
503 1871 552 1932 de
592 1872 939 1933 Christianorum
977 1871 1129 1931 Sueuo-

250 1997 338 2038 rum
368 1973 569 2036 doetrinu
597 1973 776 2052 uitaque
810 1992 921 2034 euro.
969 1973 1134 2033 Emendate

250 2078 425 2158 Regimine,
450 2075 692 2138 christianornm
718 2074 858 2136 doetrina
890 2075 983 2134 etiam
1009 2075 1136 2154 vitaque

250 2179 469 2240 emendatatur.
490 2209 533 2224 -
551 2176 715 2237 Doctrinae
723 2176 867 2256 vitaeque
876 2176 1050 2238 Laieorum.
1065 2176 1135 2236 Gle-

229 2279 385 2340 ·rieorum
412 2285 444 2337 et
469 2274 685 2337 llonaeherum
712 2286 784 2337 ante
811 2278 938 2338 Comitio
966 2276 1137 2338 Arosiensia

253 2375 572 2448 eonditioaGustuvo‚
594 2375 814 2456 quodammodo
823 2379 948 2452 saltem,
966 2378 1135 2439 emendate.

252 2477 344 2557 Regis
370 2477 409 2538 de
434 2476 542 2538 iisdem
565 2487 634 2558 post
653 2478 780 2538 Comitia
798 2499 881 2540 eura.
903 2511 946 2526 -
966 2480 1136 2540 Goneilium

252 2579 473 2654 estrumento,
498 2580 627 2660 ejusque
653 2577 693 2638 de
719 2578 749 2639 S.
771 2580 842 2642 Cod.
864 2599 923 2639 usu
940 2579 1073 2641 deereta.
1094 2615 1137 2630 --

254 2681 395 2742 Germani
413 2683 443 2742 S.
455 2681 526 2742 Cod.
547 2681 658 2741 notitia
675 2679 803 2752 imbuti,
827 2701 845 2742 a
864 2681 996 2742 Gustare
1011 2681 1042 2739 in
1059 2681 1135 2740 Sne-

255 2783 334 2844 eiam
351 2781 489 2842 messuiti
502 2781 694 2859 juvenesque
711 2782 854 2841 nonnulli
872 2781 992 2842 Sueeiei
1009 2781 1041 2840 in
1061 2782 1138 2841 Ger·

254 2882 355 2944 mania
371 2880 518 2948 instituti.
545 2913 580 2924 -
600 2879 631 2939 S.
647 2877 719 2938 God.
734 2881 768 2940 iu
787 2882 923 2961 lingnam
933 2882 1138 2942 Sueeamver·

255 3003 305 3042 sus
324 2991 355 3041 et
369 3001 425 3062 per
443 2980 579 3041 Sueeiam
596 2979 757 3059 dispersus.
778 3013 821 3028 -
839 2982 927 3044 Ritus
945 2981 1080 3061 religiosi
1105 2985 1139 3044 in

257 3083 373 3144 Sueeia.
395 3111 438 3127 —-
458 3079 626 3142 Concilium
650 3081 852 3143 Oerebroense
869 3083 997 3163 ejusque
1013 3083 1051 3143 de
1068 3085 1140 3145 riti·

253 3185 311 3244 bus
337 3184 469 3246 decreta.
498 3216 540 3230 -··
569 3183 717 3246 Gustavus
744 3184 852 3265 pepuli
877 3193 1064 3264 praeceptor.
1095 3217 1138 3234 -·

256 3285 384 3347 Comitia
401 3283 572 3345 Arosiensia
597 3281 780 3363 (1544),-
799 3284 940 3346 Edictum
957 3285 996 3346 ad
1013 3286 1137 3347 Finlan·

250 3387 324 3472 'diae
342 3385 475 3458 ineolas,
499 3385 537 3445 de
554 3387 646 3466 primi
659 3385 856 3458 hebdomadis
875 3385 937 3448 diei
956 3385 1138 3447 celebratio-

254 3508 304 3549 ne.
327 3519 367 3530 -·
389 3487 538 3548 Gustavus
561 3505 671 3566 pueros
697 3506 766 3546 suos
793 3487 965 3546 instituens.
986 3515 1029 3531 ·-·
1048 3485 1138 3565 Regis

256 3590 296 3650 de
310 3589 551 3649 Christianorum
567 3589 703 3648 moribus
720 3603 803 3647 eura.
846 3585 1050 3668 Bisquiritur,
1074 3605 1137 3666 quo

256 3690 431 3772 proposito,
463 3705 526 3770 quo
554 3699 668 3750 eventu
693 3698 726 3750 et
751 3708 814 3768 qua
841 3689 962 3750 ratione
989 3688 1140 3749 Gustaras

259 3803 369 3854 cuneta
388 3793 464 3854 haee
482 3787 648 3873 perfecerit
650 3832 1073 3852 ..............
1095 3811 1125 3869 p.
1150 3791 1227 3856 ltu.

300 3894 512 3954 Gustatus
540 3909 679 3950 rerum
709 3909 924 3952 sacrarum
953 3891 1140 3952 emendu-

261 3993 420 4053 tionem
440 3990 488 4054 ab
506 3990 853 4054 adversariorum
874 3994 1033 4070 impetu
1053 3992 1140 4059 viu·

258 4093 432 4162 dicavit.
476 4091 634 4157 laieorum
650 4091 795 4174 impetus.
812 4126 855 4144 -
874 4092 1142 4171 Vestro-gothiae
1201 4148 1205 4156 .
