2668 4784
494 355 674 418 -133-

102 560 182 622 quae
199 543 308 615 edidit,
322 545 326 550 ’
340 551 374 604 et
399 541 639 616 visitationibus,
672 561 747 624 quas
764 543 910 623 suscepit,
934 549 967 602 ct
984 557 1053 601 cae·

101 661 191 734 teris,
214 681 288 741 quos
314 659 426 733 subiit,
459 659 612 719 laboribus
628 657 803 720 'Ecclesiam
829 659 983 719 Suecicam
1009 659 1054 720 ita

99 778 232 851 curavit,
256 778 343 838 utin
368 777 518 838 Ecclesiae
543 775 678 855 ejusdem
695 778 798 857 potius
818 777 1053 842 commodumst

96 893 240 969 salutem,
264 915 355 976 quam
371 915 426 976 per
445 904 651 975 contemptum
668 905 700 955 et
719 896 904 971 ludibrium,
917 897 1007 958 illum
1016 901 1054 960 ad

95 1009 608 1094 dignitatem'arcbi-episcopalem
625 1013 758 1074 electum
777 1034 961 1076 censeamus.

136 1129 343 1211 Disciplinam
361 1131 613 1193 Ecclesiasticom
631 1131 716 1212 quod
741 1133 870 1204 attinet,
893 1131 971 1191 baec
996 1150 1053 1192 an·

93 1253 159 1320 tea,
183 1257 219 1309 ut
228 1249 320 1310 verbo
328 1268 420 1328 supra
438 1249 559 1322 monui,
572 1247 720 1328 ejusmodi
737 1247 854 1322 iuerat,
878 1257 914 1308 ut
923 1249 1048 1324 Clerici,

92 1365 148 1444 qui
165 1365 226 1446 ipsi
242 1385 305 1426 non
324 1367 385 1426 nisi
404 1366 563 1444 judicibus
581 1365 798 1426 Ecclesiasticis
812 1365 984 1427 facinorum
999 1387 1051 1430 ra-

90 1481 192 1542 tiones
209 1483 337 1542 reddere
354 1481 509 1554 solebant,
532 1482 691 1544 laicorum
713 1482 825 1545 delicta
850 1484 983 1564 plurima
996 1487 1052 1565 ju·

90 1596 232 1660 dicarent
259 1608 291 1660 et
316 1599 472 1680 punirent.
514 1601 662 1662 Gustavus
693 1602 816 1682 quidem
841 1613 913 1664 ante
938 1623 1054 1665 suumn

91 1715 258 1778 1527haeo
274 1717 453 1797 privilegia,
466 1718 530 1778 sive
548 1718 633 1796 jura,
650 1717 719 1780 data
737 1723 982 1800 opportunitate,
1002 1721 1052 1801 ip·

91 1833 131 1894 sis
149 1835 367 1915 denegaverat,
391 1835 480 1896 modo
496 1836 633 1916 ipsorum
648 1837 762 1899 delicta
775 1837 932 1916 judicibus
951 1837 1054 1897 civili-

91 1949 150 2012 bus
163 1953 328 2030 judicanda
345 1953 552 2026 comruittens,
576 1954 667 2015 modo
684 1973 757 2015 vero
786 1954 878 2014 etiam
900 1953 1054 2032 judicium

91 2066 338 2130 Ecclesiasticum
355 2069 394 2130 de
414 2070 574 2130 Laicorum
592 2069 713 2129 delictis
731 2069 859 2144 tollens3
881 2088 989 2130 verum
1005 2071 1054 2130 in-

91 2185 197 2263 primis
215 2187 346 2250 decretis
360 2187 570 2247 drosiensibus
579 2183 744 2264 Disciplina
761 2184 970 2249 Ecclesiastica
986 2188 1055 2269 pla-

92 2323 132 2363 ne
150 2306 212 2366 alia
229 2304 358 2364 exstitit.
400 2303 475 2362 Nam
492 2303 526 2362 in
550 2301 726 2364 Ordinantia
752 2304 905 2366 Arosiensi
921 2309 1056 2386 primurn

92 2422 162 2499 regi
180 2439 354 2482 concessum
379 2418 459 2480 fuit:
491 2421 661 2480 sacerdotes
679 2421 721 2479 od
736 2440 849 2480 monus
866 2441 957 2481 soom
974 2421 1059 2482 leod

92 2536 220 2598 idoneos
238 2557 367 2596 munere
381 2537 529 2618 privari,
551 2537 744 2609 tumeliam,
768 2547 821 2610 ut,
845 2538 883 2595 ic
902 2538 992 2598 reboo
1010 2537 1057 2596 ci·

94 2654 226 2728 vilibus,
268 2653 382 2713 Clerici
409 2671 428 2710 a
448 2649 614 2731 judicibus
649 2649 792 2710 civilibus
817 2653 1056 2734 judicarentur.

93 2769 230 2830 Tandem
248 2787 338 2841 vero,
361 2767 497 2848 quamvis
515 2768 689 2828 etiamnunc
715 2769 864 2830 nonnulla
890 2769 929 2830 ad
954 2771 1057 2832 iorum

94 2887 336 2950 ecclesiasticum
361 2888 517 2968 pertinere
543 2893 756 2960 censerentur,
789 2907 868 2968 quae
895 2897 985 2950 antea
1010 2887 1056 2964 ibi¹

93 3003 329 3083 judicabantur,
367 3011 418 3070 vel
443 3011 487 3072 sic
514 3020 616 3072 tamen
643 3027 660 3068 e
688 3007 818 3070 decretis
846 3006 1056 3069 drosiensibus

96 3126 241 3202 pauciora
266 3124 341 3186 hacc
368 3135 456 3186 crant
481 3135 513 3187 et
541 3129 763 3207 praescriptum
780 3137 938 3206 practerea
956 3126 1054 3187 Cleri·

98 3241 139 3302 cis
167 3241 245 3314 fuit,
269 3251 305 3300 ut
332 3251 491 3314 caverent,
521 3262 561 3299 ac
579 3243 614 3300 ob
638 3243 749 3301 delicto
765 3243 880 3300 leviora
901 3241 1058 3300 caristie·

97 3379 155 3420 oca
175 3357 486 3416 accommooicotiooc
500 3365 654 3436 peterent.
695 3355 861 3435 Disciplina
878 3365 980 3414 autern
998 3353 1055 3415 Ec·

98 3475 284 3547 clesiastica,
308 3474 366 3533 etsi
383 3471 431 3532 his
449 3473 578 3534 decretis
595 3472 752 3534 emendata
778 3471 985 3552 aliquatenus,
1008 3471 1057 3530 vi-

101 3595 153 3656 tiis
172 3603 274 3655 tamen
300 3601 332 3652 et
358 3611 440 3652 nunc
463 3591 629 3653 laborabat.
672 3591 770 3668 Quum
787 3590 868 3650 enim
884 3591 967 3651 inter
981 3609 1055 3650 cau·

101 3732 164 3786 sas,
188 3731 262 3792 quas
281 3711 320 3772 ad
337 3710 436 3771 iorum
460 3710 697 3772 ecclesiasticum
722 3710 940 3790 proscripserat
966 3707 1055 3768 Ordi-

102 3830 210 3891 nantis
227 3828 392 3890 Arosiensis
401 3875 409 3904 ,
433 3830 609 3910 conjugium
626 3829 718 3889 etiam
735 3836 828 3900 esset,
846 3825 969 3900 Clerici,
988 3825 1056 3889 Jur.

104 3947 176 4008 Gan.
198 3947 360 4008 enuntiatis
377 3947 583 4020 inhaerentes,
606 3945 770 4026 deliquisse
793 3963 844 4004 ecs
871 3944 1050 4019 censebant,

104 4064 159 4145 qui
185 4063 374 4126 matrimonia
390 4063 505 4128 inirent
532 4062 570 4125 iis
596 4061 749 4130 affinitatis
764 4061 924 4142 gradibus,
946 4063 1058 4145 quibus
