2668 4784
629 381 791 440 ..76-

239 567 305 648 ipso
328 564 451 625 etstan
478 565 624 625 instituto
649 563 749 626 suast?
797 560 849 642 10)
880 560 987 622 Utrum
1012 561 1086 622 eliis
1112 553 1199 646 fides

240 681 380 742 taneos
398 679 441 741 sit
467 681 724 758 revelationibus,
743 691 873 762 prostes
889 679 977 754 illas,
1002 703 1079 762 qnos
1100 685 1133 742 S.
1159 684 1196 744 S.

237 798 466 860 eontinentur?
508 797 559 876 lll
584 779 692 858 Utrisas
722 799 863 859 doctrino
878 799 915 858 ds
928 800 1108 880 purgatorio
1139 821 1198 860 or-

236 916 407 997 pumentia,
431 937 448 974 s
468 917 500 976 S.
520 917 552 976 S.
566 917 690 998 petitis,
703 915 833 997 probos-i
841 915 966 998 possit!
1009 915 1058 997 12)
1084 917 1199 978 Utrum

238 1034 392 1100 adurendi
417 1034 484 1094 sisst
509 1033 610 1093 sancti
635 1041 665 1092 st
689 1043 795 1092 otram
813 1033 847 1092 ts
865 1033 965 1094 nostri
983 1035 1109 1094 dicendi
1126 1036 1197 1096 sint

241 1152 434 1232 defensores,
453 1150 581 1230 petroni
600 1159 631 1210 st
648 1151 867 1211 intercessores
886 1169 988 1210 corum
1006 1150 1100 1212 Deo?

283 1268 362 1341 Quas
380 1267 570 1348 quaestiones
592 1267 618 1326 si
644 1266 852 1343 attendemus,
876 1269 968 1329 facile
993 1268 1202 1347 intelligimus

243 1382 360 1444 easdem
386 1383 452 1444 iere
478 1387 512 1444 in
530 1385 734 1466 disputatione
756 1385 922 1466 Upsaliensi
951 1395 1095 1447 tractatas
1121 1373 1198 1445 luis-

240 1521 271 1561 se
290 1519 355 1575 res,
387 1521 423 1562 ac
449 1503 483 1560 in
509 1501 765 1582 disputationibus
792 1503 938 1583 lipsiensi
964 1514 996 1563 et
1024 1505 1202 1564 Turieensi-

239 1619 306 1680 bus.
347 1617 412 1679 Nec
436 1639 507 1679 sane
524 1621 636 1680 mirum
653 1619 712 1679 hoc
738 1619 865 1692 accidit,
899 1639 994 1700 quum
1020 1621 1054 1680 in
1072 1621 1203 1700 singulis

240 1736 321 1797 idem
344 1736 570 1818 disceptationis
596 1735 691 1796 inerit
708 1737 907 1817 propositum.
950 1738 1125 1798 Gumvenim
1146 1739 1202 1800 alii

240 1855 420 1928 Ecclesiam,
444 1854 542 1934 qualis
561 1873 598 1915 eo
624 1863 759 1933 tempore
776 1824 1096 1934 fuitsdeienderenn
1118 1857 1202 1916 mul-

242 1986 274 2036 ta
292 1976 424 2036 inillam
441 1975 597 2055 irrepsisse
615 1973 689 2033 vitia
703 1970 927 2052 perhibuerunt
944 1973 1007 2034 alii.
1050 1973 1086 2033 lli
1104 1976 1203 2054 igitur

242 2094 324 2153 inter
341 2094 418 2154 vitia
441 2094 500 2154 ista
517 2110 674 2153 recensere
692 2089 827 2150 solebant
846 2089 1029 2150 Pontificum
1048 2091 1203 2154 Romano-

241 2230 311 2270 rum
329 2210 556 2284 anctoritatem,
579 2227 658 2290 quea
674 2208 790 2285 eilecit,
813 2220 850 2270 ut
866 2209 1072 2290 negligerent,
1098 2211 1205 2272 Chris·

242 2329 340 2388 tianos
359 2328 537 2400 instituere,
561 2329 662 2407 potius
689 2329 761 2408 ipsis
780 2328 981 2408 imperantes,
1003 2345 1072 2388 oum
1086 2329 1205 2408 juben·

245 2444 301 2517 do,
326 2454 392 2506 tum
409 2463 483 2505 vero
500 2445 591 2506 etiam
608 2445 763 2524 puniendo
781 2455 813 2506 et
830 2445 1021 2506 absolvendo.
1064 2445 1141 2507 ilinc
1170 2449 1207 2507 in

245 2563 373 2644 singulis
398 2563 587 2645 disputatmu
613 2563 674 2624 fuit
699 2563 738 2624 de
755 2563 909 2624 Pontificio
929 2561 1110 2622 auctoritate
1130 2561 1204 2643 (1);

241 2679 318 2740 hino
345 2682 378 2739 in
405 2680 610 2760 disputatione
628 2682 727 2762 Upsal.
747 2683 786 2743 de
805 2685 836 2743 vi
853 2681 1061 2755 decretorum,
1085 2680 1205 2740 aPon-

246 2798 329 2860 tifioe
354 2797 524 2871 editorum,
547 2797 648 2876 deque
664 2803 974 2863 excommunicatione
991 2799 1059 2880 (2);
1081 2800 1114 2858 in
1131 2798 1206 2878 Lip-

247 2917 338 2976 siensi
359 2933 428 2975 vero
442 2913 481 2974 de
498 2914 696 2993 indulgentiis
716 2914 776 2996 (3).
818 2915 978 2977 Praeterea
995 2919 1078 2976 inter
1096 2915 1204 2977 Eccle-

247 3035 309 3094 siae
335 3032 410 3091 vitia
435 3031 495 3089 hoo
521 3031 613 3088 etiam
648 3049 805 3090 recensere
839 3032 977 3092 solebant
1015 3033 1200 3113 evassgelici,

247 3147 330 3231 quod
355 3145 509 3205 hominem
536 3145 641 3223 jubeat
667 3147 754 3207 bonis
779 3147 921 3228 operibus
957 3160 1109 3211 aeternam
1146 3154 1205 3214 sibi

245 3281 421 3348 comparare
447 3263 584 3324 salutem.
627 3264 703 3326 llino
727 3265 977 3348 disceptationes,
1007 3269 1040 3328 in
1066 3267 1202 3350 dispute-

248 3385 332 3445 tione
348 3382 531 3464 Upsaliensi,
555 3383 594 3444 de
610 3403 683 3446 vero
700 3383 756 3447 Ilei
774 3385 877 3460 cultu,
900 3385 1181 3448 devitamenastioa
1190 3433 1199 3462 ,

281 3597 322 3666 (ι)
343 3595 533 3662 Disputationis
553 3591 619 3662 Ups.
635 3596 797 3664 quaestiones
817 3594 910 3660 11,v
927 3597 996 3663 apud
1019 3593 1159 3650 Gerdes
1173 3597 1203 3650 in

247 3682 464 3744 Monumentis,
483 3681 557 3748 operi
574 3683 679 3734 laudato
697 3683 842 3750 adjunctis,
860 3684 913 3736 ΝΟ.
929 3684 1024 3738 XVII.
1060 3689 1126 3739 Acta
1144 3685 1201 3738 dis-

246 3773 405 3842 putationis,
425 3771 529 3839 Lipsiae
544 3767 651 3833 habita,
670 3773 697 3822 iu
714 3767 868 3822 Lutheri
886 3773 957 3841 Opp.
973 3809 981 3836 ,
999 3771 1104 3825 Witeb.
1124 3775 1201 3827 aditis

247 3861 331 3926 1558,
351 3881 379 3930 p.
396 3863 455 3915 πάι.
490 3861 556 3912 Aeta
578 3857 781 3927 disputationum
796 3858 976 3913 'l'nrioenaium
991 3862 1019 3912 in
1031 3859 1201 3934 zwinglii

249 3952 322 4020 opp.
339 3949 577 4005 ‹ed-sahulem
594 3945 994 4002 etSchultlressioanl.
1010 3953 1200 4018 p.128,481·

281 4039 320 4110 (a)
338 4033 448 4106 Quaast.
465 4037 594 4104 111,1v.

281 4127 320 4199 (5)
341 4127 406 4179 tcta
422 4125 440 4176 l.
456 4139 479 4177 e.
497 4143 522 4192 p.
540 4125 597 4194 276.
