2668 4784
655 349 816 408 *lh-

266 536 348 614 qnia,
362 533 616 614 reprebendeaet,
648 532 776 596 rebelles
802 530 893 592 illum
915 549 1043 594 munera
1067 533 1218 614 primore,

264 670 321 723 nac
334 649 422 726 Pont.
444 651 529 714 lions.
546 651 639 740 illum
664 651 830 714 obedivisse
857 649 891 708 in
918 667 969 722 re,
993 651 1111 729 patriae
1130 651 1222 712 saluti

262 765 424 848 opposita?
467 768 540 844 Quis
566 767 654 848 queri
667 767 741 844 jure
757 777 875 847 posset,
899 787 1002 830 omnes
1029 769 1119 830 simul
1147 769 1219 830 sub·

261 883 341 950 ditos
359 885 448 945 illum
465 885 647 958 defendere,
674 896 707 946 ct
733 885 857 966 publica
882 885 1010 946 Senatus
1036 887 1223 948 auctoritate

259 1003 398 1064 omuibus
412 1003 501 1064 illum
518 1003 691 1084 imposuisse
710 1003 851 1068 tributa?
893 1005 1129 1086 Suspicnhantur
1146 1005 1219 1085 qui·
1326 1079 1327 1092 χ

260 1119 330 1182 dem
349 1122 475 1203 Clerici,
497 1125 556 1186 alia
583 1143 685 1205 regem
712 1143 809 1204 eaque
834 1124 948 1202 majora
975 1122 1137 1200 meditari;
1169 1122 1222 1198 sed

260 1256 356 1318 quum
381 1259 498 1302 summa
525 1241 687 1322 prudentia
714 1238 766 1300 hic
789 1241 978 1320 propositum
997 1259 1085 1300 suum
1102 1241 1221 1320 assequi

259 1366 439 1430 conaretur,
463 1359 598 1438 caeteris,
610 1357 867 1420 Resonnatoribns
894 1358 1013 1438 potius,
1032 1377 1124 1437 quam
1142 1358 1219 1420 Gus-

260 1481 342 1544 taro,
364 1474 555 1537 resistebant.
598 1477 665 1536 lmo
683 1494 756 1536 vero
773 1493 840 1536 suus
860 1473 899 1534 de
924 1475 1086 1537 haereticis
1102 1451 1218 1538 'docto-

256 1589 340 1662 ribus
369 1591 509 1669 querelas
535 1591 574 1652 ad
600 1611 703 1670 repom
730 1592 851 1650 deferre
885 1611 1079 1672 nequaqnam
1097 1592 1219 1654 dubita-

258 1717 341 1768 runt.
384 1707 426 1768 Ec
444 1716 544 1768 autem
558 1707 624 1785 jam
650 1727 699 1768 res
717 1718 943 1788 pervenerant,
967 1719 1083 1770 utnon
1102 1720 1221 1772 tanturn

259 1824 385 1906 publica
411 1825 563 1886 Ecclesiae
599 1825 734 1886 conditio
769 1825 975 1886 immutanda:
1007 1827 1217 1902 liierarchiao,

259 1965 329 2006 uum
346 1945 477 2028 papalis,
501 1953 567 2004 tum
584 1943 777 2023 episcopalis,
796 1942 970 2022 abroganda
988 1965 1129 2025 suprema
1147 1966 1219 2008 auo-

260 2064 368 2128 toritas
387 2075 419 2126 et
439 2063 625 2124 Clericorum
637 2061 711 2139 jura
738 2079 773 2120 ao
799 2061 961 2140 privilegia
988 2062 1143 2139 tollenda;
1168 2063 1220 2124 sed

260 2200 334 2242 roro
360 2183 452 2242 etiam
478 2182 545 2260 ipsa
572 2179 722 2240 Ecclesiae
749 2178 888 2239 doctrina
917 2177 955 2238 ad
979 2196 1116 2238 normam
1147 2181 1219 2244 end.

259 2299 342 2360 Sacri
361 2297 558 2358 instauranda
578 2297 745 2356 videretur.
788 2296 853 2357 Huc
881 2297 978 2376 igitur
1004 2297 1117 2374 valuit,
1141 2321 1220 2380 quae

259 2415 399 2476 instituta
425 2413 501 2489 suit,
535 2413 667 2488 Gustavo
689 2428 816 2479 anctore
844 2429 875 2480 et
897 2420 1019 2498 judice,
1054 2420 1221 2499 disputatio

257 2533 444 2616 theologica,
468 2551 547 2613 quae
561 2553 630 2594 cum
640 2533 821 2610 Ecclesiam,
846 2546 910 2596 tum
928 2535 1116 2607 doctrinam,
1130 2557 1219 2617 spec-

258 2651 352 2712 tabat.

300 2767 358 2828 Res
385 2769 429 2828 ita
456 2768 548 2828 aliter
573 2787 697 2846 prorsus
723 2786 755 2826 se
783 2765 932 2840 babebat,
956 2788 1052 2847 quum
1070 2767 1122 2828 ΑΟ.
1142 2768 1221 2830 leat

260 2885 494 2966 disputationem
513 2885 634 2944 institui
648 2883 775 2961 jusserit
802 2901 856 2940 rex
892 2883 1001 2941 Oleum
1029 2885 1120 2944 Petri
1139 2887 1221 2949 inter

260 3012 293 3062 ut
321 3002 451 3060 Petrum
467 2999 587 3076 Galla,
617 2999 798 3058 acerrimum
825 2997 984 3058 doctrinae
1010 3020 1219 3070 romano-ea·

263 3116 395 3188 tbolicae
423 3114 611 3176 defensorem
632 3112 691 3194 (l).
739 3114 916 3192 llujusmodi
944 3135 1016 3176 vero
1038 3118 1219 3200 disputatio.

261 3253 315 3302 nes
336 3244 371 3296 ut
389 3231 592 3314 prodeuntes
607 3231 724 3310 animo,
744 3251 849 3294 verum
863 3232 1055 3314 inquirente,
1073 3239 1118 3300 ita
1132 3241 1219 3302 sobo-

262 3354 376 3416 lasticis
394 3351 494 3414 medio
522 3371 596 3412 aevo
623 3352 834 3414 usitatissimae
861 3351 993 3416 fuerant.
1036 3358 1097 3418 Nec
1121 3368 1220 3420 tamen

264 3471 406 3552 deinceps
428 3491 492 3532 mos
518 3470 573 3532 ille
590 3472 623 3530 in
634 3469 868 3542 desuetudinem
886 3473 981 3536 abiit:
1003 3486 1109 3538 contra
1127 3497 1216 3552 vero,

263 3590 489 3662 llelnrmatione
506 3598 629 3660 exorta,
654 3588 877 3648 Reformatores
896 3611 965 3652 cum
983 3613 1068 3652 secus
1083 3597 1218 3658 sentien-

265 3707 346 3770 tibus
374 3705 543 3786 saepissime
581 3705 619 3764 de
655 3706 746 3768 rebus
781 3710 982 3770 controversis
1013 3709 1217 3790 disputarunt.

298 3915 340 3983 (ι)
360 3913 403 3966 Do
418 3915 468 3967 bac
482 3910 657 3980 disputatione
674 3913 788 3966 conserti
802 3925 950 3970 merentur:
967 3917 1013 3968 lla
1023 3918 1049 3970 ll
1059 3937 1144 3984 man,
1164 3923 1182 3976 1.
1192 3939 1219 3974 e.

261 4023 288 4073 p.
305 4001 348 4055 ta.
365 3999 481 4056 Olaua
504 4001 665 4065 Celsius,
684 4003 741 4060 l.c.
758 4005 903 4072 pacta.
922 4003 1217 4080 Dalin‚l.e.§26.

258 4091 414 4155 Gordos,
434 4092 451 4142 l.
467 4107 491 4142 c·
507 4109 534 4158 p.
548 4089 606 4161 ²9⁵·
642 4087 888 4159 Striunbolm‚
908 4093 926 4146 l·
945 4110 970 4146 e·
984 4111 1011 4164 p·
1028 4096 1087 4152 425.
