2698 4792
520 403 680 463 ...17...

100 590 378 669 consanguinitatis
404 591 527 652 vinculo
556 591 630 651 Stcn
659 591 750 652 Stare
772 589 889 670 juniori
914 587 949 674 (†
973 587 1065 670 1320)

98 706 248 784 junctus,
280 706 353 767 huic
380 709 506 768 Sueoiae
532 709 729 788 gubernatori
754 707 891 768 addictus
919 706 979 766 luit
1001 704 1060 788 (1).

98 824 149 884 Ex
168 826 306 884 hisvero
331 835 368 884 ut
393 827 585 904 cognoscitur
613 828 736 889 Gustavi
762 835 923 907 parentum
949 825 988 885 de
1011 843 1062 884 re-

97 943 161 1003 bus
182 945 318 1023 politicis
349 947 516 1018 sententia,
549 946 593 1005 ita
619 941 801 1022 attendenda
826 943 967 1024 inprimis
992 942 1062 1002 illo·

95 1079 173 1120 rum
197 1062 315 1122 indoles
341 1072 395 1123 cst.
420 1063 532 1126 ,llocct
550 1064 631 1122 enim
648 1064 783 1124 omnium
811 1072 983 1142 temporum
1011 1081 1065 1120 ex·

94 1181 271 1258 perientia,
301 1181 534 1260 quantam'vim
561 1193 723 1262 parentum
748 1181 867 1242 indoles
893 1180 1006 1239 habeat
1032 1181 1065 1267 in

95 1295 261 1357 flectendis
293 1300 406 1358 teneris
439 1319 604 1378 puerorum
631 1301 748 1360 animis.
801 1300 960 1358 Praetores
988 1313 1062 1355 vero

95 1417 132 1474 in
150 1419 219 1498 ipsa
253 1419 378 1478 Gestari
412 1417 543 1477 historia
581 1417 651 1475 talis
685 1416 813 1476 subinde
839 1416 898 1475 viri
925 1415 1061 1496 celeber7

95 1535 173 1594 rimi
191 1547 279 1616 patet
297 1536 433 1608 indoles,
457 1543 493 1594 ut
520 1533 661 1595 audaciae
695 1535 847 1594 immerito
874 1553 944 1594 eum
970 1553 1060 1594 accu-

95 1671 170 1711 sare
187 1652 344 1724 videatur,
369 1653 423 1731 qui
441 1652 626 1732 suspicetur,
647 1665 809 1732 parentum
818 1653 968 1723 indolem,
982 1671 1063 1731 quo·

96 1768 263 1828 dammodo
288 1778 387 1842 certe,
420 1771 585 1830 contulisse
622 1771 660 1830 ad
686 1771 912 1833 informandum
935 1771 1061 1858 juvenij·

97 1887 163 1946 lem
183 1887 309 1947 (instari
327 1888 471 1947 animum.
514 1887 627 1962 Quodsi
651 1889 953 1968 igitnr'oclligamus
980 1891 1061 1967 ejus·

97 2003 185 2064 modi
199 2005 442 2066 narratiunculas
461 2004 526 2085 (2),
551 2005 673 2085 qualos,
697 2007 812 2086 quippe
832 2026 850 2065 e
868 2007 932 2066 rita
958 2006 1063 2067 dome·

96 2122 178 2182 stica
205 2121 376 2196 desumtae,
409 2125 531 2202 egregie
557 2123 739 2202 plerumque
762 2122 973 2183 accomodatas
990 2123 1065 2184 'snut

98 2239 140 2299 ad
157 2239 380 2320 depingendam
406 2243 570 2320 imaginem
597 2259 718 2314 veram,
752 2243 876 2302 Gustavi
901 2252 989 2322 pater
1017 2243 1063 2304 rit·

98 2361 189 2420 nobis
216 2361 402 2438 proponitur·⁴
428 2359 590 2419 vehemens
622 2360 746 2440 quidem
778 2361 924 2433 subinde,
956 2379 1063 2420 verum

99 2477 195 2560 etiam
213 2475 358 2536 honestus
377 2485 409 2536 ot
427 2476 561 2551 facetus,
591 2478 665 2537 dmn
694 2479 822 2550 Cecilia,
845 2496 938 2556 qnam
955 2478 1063 2536 matri-

98 2595 203 2655 monio
221 2595 341 2666 tenuit,
366 2594 467 2653 animo
494 2603 561 2652 erat
587 2595 684 2653 tristis
712 2593 802 2651 simul
826 2613 862 2652 ac
879 2594 939 2672 pia.
982 2593 1064 2653 llanc

99 2721 264 2791 parentum
281 2709 419 2768 indolem
436 2708 589 2781 referens,
608 2711 775 2784 Gustarns,
793 2711 899 2790 primis
917 2731 978 2771 non
996 2731 1062 2772 mor
1085 2736 1090 2743 .

98 2828 140 2889 do
167 2830 250 2888 vitae
277 2828 363 2888 annis
401 2827 452 2887 sed
490 2830 680 2908 provectiore
707 2830 799 2890 ctiam
827 2840 942 2901 aetate,
966 2830 1060 2890 rehe-

100 2945 247 3004 mentiam
265 2945 416 3025 prodidit,
439 2946 530 3006 simul
554 2966 627 3008 vero
644 2948 778 3006 animum
795 2948 880 3027 pium
898 2956 930 3006 et
948 2917 1060 3007 hones.

97 3072 185 3144 tum,
209 3065 286 3144 quin
303 3065 364 3124 imo
382 3085 400 3126 a
417 3065 536 3126 facetiis
555 3065 637 3126 haud
654 3065 867 3151 abhorrebat..
899 3035 991 3144 Cujus
1014 3067 1061 3126 rei

101 3180 239 3260 exempla
262 3182 516 3244 commemorandi
534 3183 794 3260 opportunitatem
821 3203 916 3262 quum
942 3185 1061 3263 saepius

101 3297 243 3378 deinceps
269 3301 389 3360 nactrni
414 3303 524 3372 simus,
556 3301 608 3360 hic
643 3319 695 3371 ea,
728 3319 746 3358 e
772 3300 896 3380 publica
915 3302 982 3380 ejus
998 3302 1063 3361 vita

101 3416 276 3498 depromta,
300 3417 408 3479 afferre
435 3435 657 3498 supervacuum
673 3415 804 3476 videtur.

101 3778 372 3796 a

139 3891 180 3961 (r)
199 3907 226 3944 r.
243 3887 382 3960 Geijer,
400 3890 451 3944 lc.
469 3886 641 3961 Frijxell,
660 3894 679 3945 1.
694 3911 720 3950 c.
737 3891 986 3960 Strinnholm,
1005 3895 1024 3948 l.
1041 3912 1068 3948 c·

104 3980 310 4138 palallllxstsnt
335 4069 407 4140 apud
431 4085 459 4128 v·
484 4066 625 4139 Gcijer,
646 4073 707 4130 l.c.·
733 4069 989 4139 Strinnlrolm,
1014 4075 1069 4126 l.e.

105 4153 283 4225 Frijxell,
303 4159 361 4212 l.c.

937 4269 956 4326 2
1045 4237 1050 4248 .
